2720 3743
254 205 281 242 4

256 333 397 383 (Lucil.
430 334 496 375 lib.
529 332 656 382 Xlll).
678 332 704 382 ¹)
774 333 914 383 Itaque
957 329 1203 371 immortales
1247 329 1475 370 mortalium
1519 328 1668 369 similes
1710 327 1917 380 fingebant
1958 328 2110 380 antiqui
2152 334 2193 369 et
2233 327 2264 368 si
2302 339 2382 379 qua
2419 339 2461 367 re

256 399 439 449 diuersos
476 398 676 436 faciebant
713 397 885 435 artifices
923 397 1022 434 deos
1058 396 1111 432 ab
1150 394 1379 431 hominibus
1416 407 1464 430 ea
1501 406 1598 430 sane
1640 394 1861 443 potentiam
1905 406 2042 431 eorum
2078 400 2119 432 et
2156 391 2356 431 uirtutem'
2381 405 2461 443 qua

258 463 448 502 mortales
485 461 778 501 antecedebant
814 461 1040 511 exprimere
1079 458 1328 497 conabantur
1367 472 1495 508 neque
1534 458 1646 507 quasi
1687 457 2020 508 philosophorum
2061 459 2213 497 ratione
2251 458 2292 496 id
2321 457 2460 495 fecisse

256 529 478 568 arbitrandi
516 533 607 567 sunt
645 527 763 578 prisci
804 526 857 565 illi
896 525 1057 565 fictores
1094 523 1293 575 exquisite
1330 529 1399 563 aut
1436 523 1593 563 erudite
1631 523 1703 563 sed
1741 535 1823 574 quo
1858 528 1981 574 pacto
2010 523 2105 563 talia
2133 522 2314 564 homines
2343 522 2460 562 rudes

259 594 410 643 fingere
452 592 581 631 solent
623 598 663 630 et
706 591 875 629 infantes
917 590 1041 629 modo
1083 589 1255 639 simplici
1299 600 1347 627 ne
1391 589 1523 627 dicam
1567 587 1717 639 puerili.
1777 587 1950 638 Qualem
1986 600 2083 628 vero
2122 589 2243 635 deum
2286 588 2460 638 imagine

258 659 486 708 exprimere
516 654 741 694 debebant?
785 654 918 704 Quam
949 654 1171 703 potentiam
1201 659 1270 691 aut
1298 667 1419 703 quam
1450 653 1637 691 uirtutem
1657 653 1740 690 eius
1760 666 1864 702 quae
1892 653 2065 691 hominis
2093 653 2222 703 figura
2251 653 2461 691 immutata

256 721 472 772 significari
510 733 588 759 non
625 717 822 770 potuerit?
887 717 983 757 Siue
1020 718 1120 756 caeli
1161 718 1246 756 siue
1285 717 1380 756 solis
1415 718 1499 756 siue
1538 717 1637 755 lucis
1666 730 1824 763 numen,
1854 717 1965 767 quod
1995 717 2243 756 mirabantur
2272 716 2461 756 mortales

257 788 386 824 uarias
416 786 608 823 luminum
638 783 869 821 caelestium
900 783 1007 820 uices
1037 783 1371 832 contemplantes,
1403 783 1466 820 alii
1497 783 1584 821 aliis
1612 788 1652 820 et
1682 781 1910 820 nominibus
1938 779 2224 831 nuncupabant
2261 787 2301 819 et
2329 781 2459 819 simul-

255 850 357 888 acris
395 848 696 899 exprimebant:
743 853 784 886 et
822 846 959 885 Iovem
999 853 1156 897 patrem
1195 853 1236 885 et
1273 846 1412 885 Ianum
1449 853 1489 885 et
1529 845 1665 885 Solem
1704 852 1744 885 et
1771 845 2005 896 Apollinem
2042 845 2310 895 indigitabant
2339 846 2460 884 deum

256 925 375 963 quem
406 911 591 962 religiose
610 910 885 962 suspiciebant
904 909 1063 964 χρυσέας
1086 910 1184 949 illud
1205 908 1343 963 ἁμέρας
1364 908 1545 963 βλέφαρον
1566 910 1765 957 mirantes,
1793 909 1912 948 deum
1934 908 2044 947 illum
2065 905 2103 953 ὅς
2129 906 2234 948 πάντ’
2258 909 2375 962 ἐφορᾷ
2398 912 2459 948 καὶ

254 976 358 1014 πάντ’
392 976 575 1014 ἐπακούει.
641 977 733 1014 Hoc
770 978 876 1013 enim
914 977 1168 1025 potissimum
1209 983 1359 1014 terrore
1396 982 1437 1013 et
1473 976 1737 1013 admiratione
1775 975 1957 1013 homines
1994 974 2142 1012 adfecit
2177 976 2286 1024 quod
2326 976 2460 1012 onmia

253 1041 494 1092 perlustrare
523 1040 717 1080 uidebant
747 1040 910 1079 oculum
940 1040 1051 1079 illurn
1083 1041 1262 1080 diuinum
1293 1040 1413 1080 radiis
1441 1040 1533 1087 suis,
1565 1041 1674 1090 quod
1714 1041 1854 1091 ubique
1889 1040 2021 1079 caelus
2056 1040 2209 1079 medius
2247 1047 2306 1079 est
2332 1053 2460 1090 neque

255 1106 398 1145 dubito
436 1105 532 1156 quin
570 1105 630 1144 τὸν
669 1104 855 1155 πανόπτην
890 1103 1021 1143 κύκλον
1058 1103 1164 1156 ἡλίου
1208 1104 1414 1155 (Aeschyl.
1446 1104 1577 1143 Prom.
1609 1105 1674 1154 91)
1717 1105 1802 1144 Ioui
1847 1103 2018 1155 Cyclopi
2061 1103 2206 1154 Argiui
2250 1104 2289 1142 in
2331 1103 2460 1144 fronte

255 1171 473 1221 posuerint,
504 1171 683 1221 quisquis
720 1170 950 1221 composuit
988 1170 1084 1208 illud
1122 1172 1232 1221 quod
1262 1170 1476 1208 Pausanias
1505 1169 1545 1207 II
1574 1169 1637 1215 24,
1667 1169 1693 1208 ἵ)
1723 1169 1926 1220 explicare
1961 1169 2096 1208 studet
2131 1168 2254 1214 ξόανον
2293 1168 2358 1208 δύο
2396 1168 2460 1222 μὲν

256 1233 280 1288 ᾖ
312 1235 523 1288 πεφύκαμεν
552 1235 638 1288 ἕχον
667 1233 893 1287 ὀφθαλμούς,
923 1233 1037 1287 τρίτον
1067 1234 1107 1272 δὲ
1137 1233 1195 1272 ἐπὶ
1224 1238 1287 1273 τοῦ
1316 1235 1493 1287 μετώπου.
1551 1235 1735 1273 Eandem
1771 1235 1958 1273 uirtutem
1998 1235 2133 1272 omnia
2169 1235 2328 1273 uidendi
2360 1247 2458 1273 mor-

256 1301 394 1339 talium
438 1301 580 1339 saeclis
623 1306 811 1350 negatam
857 1312 968 1338 more
1011 1300 1079 1337 illo
1117 1300 1204 1338 rudi
1245 1300 1453 1338 hominum
1492 1300 1714 1349 priscorum
1754 1299 1793 1337 in
1830 1299 1912 1337 Iani
1951 1298 2165 1337 simulacro
2203 1299 2359 1337 duabus
2398 1300 2459 1338 uel

255 1370 446 1414 quattuor
476 1364 673 1403 frontibus
702 1363 845 1413 insigni
874 1362 1216 1413 significauerunt:
1254 1364 1439 1402 nimirum
1469 1370 1528 1401 est
1558 1363 1658 1401 deus
1686 1362 1752 1401 ille
1780 1358 1819 1406 ὃς
1847 1360 1953 1401 πάντ’
1985 1362 2102 1415 ἐφορᾷ
2137 1360 2198 1401 καὶ
2234 1361 2339 1401 πάντ’
2371 1364 2460 1402 ἐπα-

256 1428 356 1467 κούει
387 1432 422 1475 (λ
453 1430 553 1477 109),
594 1441 713 1478 quem
754 1428 859 1465 nulla
897 1441 920 1465 a
956 1434 1072 1477 tergo
1109 1429 1265 1466 ciconia
1293 1429 1414 1478 pinsit
1444 1428 1563 1475 (Pers.
1595 1427 1614 1464 I
1642 1427 1720 1475 58),
1751 1428 1817 1477 qui
1846 1428 1954 1465 solus
1984 1427 2158 1465 Carnam
2187 1441 2290 1477 quae
2320 1442 2460 1467 omnes

255 1501 374 1533 antea
404 1506 550 1545 procos
580 1494 618 1532 in
649 1492 810 1532 latebris
840 1492 978 1532 abdita
1007 1493 1202 1544 effugerat
1231 1494 1353 1533 fertur
1382 1492 1637 1543 indagauisse
1667 1491 1804 1541 (Ouid.
1837 1491 1923 1531 fast.
1954 1490 2012 1530 VI
2042 1492 2146 1541 101).

451 1558 645 1597 Solebant
674 1557 795 1607 igitur
823 1558 958 1596 omnia
987 1557 1149 1595 uidendi
1180 1557 1357 1596 diuinam
1388 1557 1496 1595 illam
1526 1557 1714 1597 uirtutem
1745 1556 1822 1595 hoc
1844 1557 1968 1595 modo
1992 1557 2031 1595 in
2051 1557 2218 1595 deorum
2238 1557 2459 1597 simulacris

255 1624 467 1661 ostendere
518 1622 778 1661 adorantibus
821 1622 1097 1660 Romanorum
1148 1621 1307 1661 fictores
1351 1635 1480 1673 neque
1523 1621 1770 1661 Graecorum
1821 1621 1997 1660 Hermae
2046 1621 2232 1672 bicipites
2284 1622 2457 1661 uirorum

255 1688 464 1725 illustrIum
495 1687 607 1737 paria
636 1687 748 1736 quasi
780 1698 859 1724 uno
887 1687 1020 1737 capite
1059 1686 1449 1737 comprehendentes
1492 1686 1648 1725 illorum
1678 1686 1838 1736 ingenia
1867 1685 2095 1724 incitauisse
2124 1686 2327 1736 putandae
2356 1692 2458 1733 sunt,

244 1766 354 1802 <quas
385 1752 422 1790 in
452 1752 516 1790 dei
546 1751 691 1789 summi
730 1751 945 1790 simulacro
981 1751 1167 1790 faciendo
1203 1752 1462 1797 imitarentur,
1502 1753 1573 1790 sed
1611 1751 1830 1801 antiquitus
1859 1752 2048 1790 traditam
2078 1765 2102 1790 a
2131 1752 2348 1790 maioribus
2376 1752 2458 1790 Iani

255 1817 425 1866 figuram
462 1821 704 1866 acceperunt
746 1815 814 1853 illo
852 1822 1035 1866 tempore
1071 1816 1362 1866 excogitatam,
1402 1829 1484 1866 quo
1522 1816 1608 1854 Itali
1645 1821 1685 1853 et
1721 1814 1865 1853 Graeci
1908 1815 2125 1855 etiamtunc
2169 1829 2245 1855 una
2288 1816 2454 1869 deorum

255 1882 417 1919 numina
436 1880 623 1919 colebant
643 1880 905 1917 barbarorum
926 1879 1145 1917 similiores.
1192 1880 1353 1918 Etenim
1382 1879 1541 1917 barbari
1572 1879 1704 1930 turpia
1732 1879 1927 1918 eiusmodi
1959 1879 2067 1918 idola
2096 1879 2230 1918 multis
2258 1879 2457 1931 capitibus

255 1947 437 1996 praedita
466 1957 713 1995 magnopere
742 1945 782 1983 in
821 1945 974 1983 deliciis
1010 1945 1214 1983 habebant
1251 1947 1360 1995 apud
1399 1946 1584 1995 antiquos
1622 1950 1662 1983 et
1699 1944 1819 1983 hodie
1858 1945 1897 1983 in
1935 1945 2087 1983 deliciis
2124 1945 2292 1984 habent:
2334 1959 2454 1984 unum

257 2011 381 2048 modo
416 2009 595 2049 adferam
634 2008 880 2060 exemplum,
924 2023 1006 2061 quo
1045 2015 1151 2048 recte
1194 2009 1276 2048 Iani
1315 2009 1599 2061 quadrifrontis
1643 2008 1858 2060 imaginem
1897 2008 2149 2061 intellegatiS,
2192 2010 2302 2061 quod
2342 2009 2456 2050 facile

255 2076 427 2126 plurima
461 2088 513 2113 ex
543 2075 827 2124 hodoeporicis
865 2075 1124 2125 physicorum
1164 2075 1354 2125 colligere
1389 2074 1557 2125 quilibet
1595 2075 1752 2125 poterit.
1813 2074 1926 2113 Saxo
1955 2075 2253 2114 Grammaticus
2290 2076 2330 2113 in
2365 2075 2455 2115 hist.

257 2142 359 2179 Dan.
402 2140 505 2178 libro
544 2138 646 2178 XIV
684 2152 721 2189 p.
752 2139 833 2177 499
867 2140 961 2178 edit.
1003 2140 1135 2179 Klotz.
1182 2141 1233 2178 de
1277 2139 1502 2179 Suantouiti
1546 2140 1824 2189 Rugianorum
1868 2140 1932 2178 dei
1975 2141 2189 2179 simulacro
2230 2140 2454 2179 Arconensi

257 2205 474 2244 memoriae
510 2205 609 2243 haec
645 2204 843 2254 prodidit:
884 2204 1030 2253 Jugcns
1059 2206 1099 2243 in
1128 2205 1227 2243 (urle
1254 2205 1516 2244 sintnlacrmlt
1545 2218 1697 2243 onmem
1726 2205 1896 2243 humani
1922 2206 2100 2248 corporis
2127 2206 2305 2245 habitum
2327 2219 2454 2254 gran-

255 2269 378 2307 ditate
415 2267 733 2306 trtmssccmlcns.
777 2273 960 2317 quattuor
997 2268 1188 2318 capitibus
1223 2269 1456 2319 totidemque
1490 2269 1708 2307 ceruicibus
1743 2268 1976 2306 mirandum
2009 2270 2224 2319 perstabat
2258 2285 2279 2308 ι·
2315 2271 2455 2321 quibus

254 2335 331 2371 dm)
352 2339 491 2381 pectus
520 2333 751 2381 totidemque
778 2338 937 2380 tergum
967 2334 1165 2381 respicem-
1193 2334 1446 2371 uidebantur.
1478 2339 1648 2370 ceterum
1673 2340 1756 2371 tam
1777 2339 1869 2370 ante
1896 2345 2015 2382 quam
2045 2340 2153 2371 retro
2182 2334 2453 2372 collocatormu

255 2411 376 2437 uuum
420 2398 677 2436 dcxtrorsmu
716 2397 889 2435 alterum
932 2398 1157 2437 laeuorsum
1200 2399 1559 2447 contemplationem
1602 2399 1791 2447 derzssgrere
1832 2398 2054 2437 uidebatur.
2127 2399 2315 2448 Capitum
2359 2412 2455 2438 uero

254 2473 442 2498 numerus
479 2460 574 2498 nihil
613 2461 665 2498 ad
705 2472 800 2506 rem,
841 2461 965 2498 modo
1004 2473 1083 2499 uno
1121 2461 1253 2512 plures
1291 2462 1369 2500 sint
1406 2474 1534 2513 neque
1573 2461 1612 2499 in
1651 2460 1891 2500 Suantouito
1920 2461 2180 2512 quadrifronti
2220 2462 2346 2502 maior
2384 2462 2456 2502 fuit

255 2527 443 2564 diuinitas
472 2539 593 2574 quam
623 2526 661 2562 in
691 2526 831 2574 Trigla
859 2526 1033 2574 tricipiti.

449 2590 584 2629 Etiam
621 2590 729 2640 apud
767 2589 1014 2629 Graecorum
1051 2590 1224 2641 populos
1260 2589 1333 2629 fuit
1372 2596 1530 2641 tempus
1568 2603 1660 2629 cum
1699 2588 1791 2634 Ζεὺς
1830 2590 1894 2629 ille
1932 2591 2015 2630 siue
2050 2589 2235 2631 Ἀπόλλων
2272 2590 2455 2643 πανόπτης

254 2655 409 2706 bicipiti
440 2654 522 2693 Iani
552 2654 725 2704 imagine
745 2654 916 2705 exprimi
946 2654 1120 2693 solebat:
1153 2661 1289 2693 tamen
1309 2655 1638 2706 quandoquidem
1658 2655 1766 2706 apud
1787 2655 1973 2705 antiquos
1992 2656 2114 2695 etiam
2140 2657 2180 2695 di
2211 2656 2455 2696 immortales

255 2720 367 2758 Fatis
406 2720 572 2758 obnoxii
611 2720 718 2757 suere
755 2720 879 2758 modo
914 2720 1034 2758 anxie
1070 2720 1110 2758 in
1150 2720 1327 2758 delubris
1366 2721 1541 2759 uenerati
1578 2721 1703 2758 modo
1742 2720 1798 2758 ita
1836 2720 2037 2758 obliuione
2066 2721 2197 2759 obruti
2228 2728 2270 2760 ut
2298 2735 2454 2761 sacram

253 2784 460 2823 historiam
490 2796 627 2823 eorum
658 2784 727 2823 uix
756 2796 975 2835 agnoscere
1004 2784 1122 2824 liceat
1152 2785 1191 2824 in
1220 2784 1364 2824 sabulis
1393 2790 1531 2824 uatum
1561 2784 1646 2836 ipse
1675 2784 1739 2824 ille
1766 2782 1858 2829 Ζεὺς
1884 2782 2068 2837 πανόπτης
2096 2785 2250 2838 bicipiti
2281 2786 2455 2839 imagine

253 2850 445 2888 formatus
484 2855 648 2899 propter
683 2850 881 2887 simulacri
922 2850 1135 2887 barbaram
1175 2850 1347 2899 figuram
1384 2851 1530 2887 sensim
1571 2850 1858 2899 repudiabatur
1887 2862 1911 2887 a
1940 2849 2125 2888 Graecis:
2166 2852 2232 2902 qui
2271 2864 2363 2891 cum
2404 2854 2455 2892 de

253 2914 371 2965 Argo
391 2914 570 2965 Panopte
599 2921 759 2954 centum
789 2914 915 2954 oculis
944 2914 1107 2954 terribili
1137 2915 1292 2954 fabulas
1320 2929 1344 2954 a
1374 2916 1532 2955 uatibus
1561 2916 1795 2954 decantatas
1823 2915 2042 2962 audierant,
2067 2917 2193 2959 deum
2223 2931 2454 2968 supremum

252 2978 351 3018 caeli
381 2979 421 3017 in
449 2979 580 3017 herois
609 2978 778 3018 formam
817 2979 1025 3018 redactum
1064 2979 1118 3018 ita
1153 2979 1397 3019 circumferri
1434 2992 1513 3019 non
1551 2979 1630 3019 iam
1666 2977 1981 3030 suspicabantur.
2041 2980 2198 3021 Tamen
2233 2995 2305 3023 nos
2339 2982 2455 3024 facile

448 3086 472 3128 ¹)
497 3088 665 3128 Plerosque
689 3089 754 3118 seio
778 3089 862 3118 (lona
886 3089 933 3118 dis
957 3089 1065 3119 oblata
1090 3089 1144 3119 illa
1169 3090 1284 3128 poeula
1308 3100 1374 3119 esse
1398 3089 1559 3119 arbitrari:
1584 3089 1670 3128 quod
1695 3098 1802 3118 uerum
1828 3099 1891 3118 non
1916 3099 1981 3120 esse
2005 3100 2043 3120 eo
2067 3090 2213 3129 efficitur,
2240 3092 2327 3132 quod
2351 3103 2454 3133 neque

252 3153 369 3171 nomen
394 3143 569 3171 dedicantis
593 3143 624 3171 in
647 3144 712 3171 ullo
734 3144 850 3181 poculo
874 3144 1035 3173 inuenitur
1058 3145 1256 3183 inscriptum,
1284 3154 1387 3182 neque
1404 3143 1619 3173 dedicantium
1645 3153 1721 3173 uasa
1736 3144 1776 3172 ad
1800 3144 1934 3173 eandem
1954 3145 2063 3174 omnia
2087 3145 2219 3175 formam
2243 3146 2311 3179 fieri
2330 3156 2455 3177 necesse

251 3202 316 3227 erat
347 3195 434 3236 apud
464 3196 613 3236 antiquos
645 3206 747 3236 neque
779 3197 890 3227 eodem
918 3197 1014 3227 modo
1039 3197 1209 3228 uerisimile
1234 3202 1280 3228 est
1304 3197 1440 3228 inueniri
1465 3207 1540 3228 uasa
1563 3197 1595 3227 in
1619 3197 1761 3228 Aecitiae
1785 3197 1897 3229 Coirae
1920 3198 2086 3230 Lauernae
2117 3199 2200 3230 fanis
2227 3211 2309 3240 quae
2341 3200 2457 3232 suerint

250 3249 414 3290 quomodo
438 3249 530 3279 facile
554 3250 579 3279 si
603 3259 684 3289 quae
709 3250 908 3290 reperiuntur
930 3251 1067 3281 coniciat
1090 3251 1206 3292 aliquis
1229 3261 1267 3281 ea
1291 3251 1423 3281 donaria
1447 3251 1541 3281 suis-se
1566 3251 1696 3282 lunonis
1719 3257 1774 3282 aut
1797 3252 1961 3283 Mineruae
1983 3262 2082 3284 sacra.
