2720 3743
260 164 314 206 10

454 296 526 334 IV.
585 296 793 344 Ingentem
823 295 1006 344 profecto
1025 295 1196 331 fructum
1217 295 1313 331 artis
1332 294 1538 331 doctrinae
1557 293 1802 343 percipimus
1830 293 2038 347 multoque
2067 293 2212 332 rectius
2231 292 2453 331 litterarum

260 366 522 401 monumenta
550 366 591 401 et
620 359 864 401 Graecarum
894 366 934 399 et
962 359 1235 399 Romanarum
1265 359 1582 408 interpretamur,
1612 359 1643 396 si
1663 364 1873 397 auctorum
1893 359 2026 397 uultus
2054 372 2146 397 aere
2165 359 2229 397 uel
2256 372 2457 398 marmore

260 437 476 477 expressos
517 425 747 465 etiamnunc
789 423 1053 475 contemplari
1097 422 1210 462 licet:
1255 422 1377 463 ueluti
1418 422 1592 463 Lucretii
1629 421 1769 473 poesin
1807 421 2019 473 lugubrem
2058 427 2100 463 et
2136 422 2290 463 tristem
2329 421 2458 463 multo

261 491 406 540 opinor
434 490 575 528 melius
604 490 925 539 intellegeremus
952 489 983 526 si
1005 488 1146 526 faciem
1167 493 1313 538 poetae
1332 487 1477 525 morbo
1496 487 1653 526 funesto
1672 487 1809 526 uexati
1829 487 2059 527 etiamnunc
2079 487 2217 527 liceret
2234 487 2455 539 adspicere,

259 554 389 604 qualis
417 554 498 593 fere
526 555 593 593 illa
621 560 682 593 est
708 560 854 604 poetae
882 553 1089 591 cuiusdam
1120 553 1259 602 ignoti,
1290 566 1410 603 quem
1439 565 1650 604 perperam
1687 552 1891 603 quondam
1932 552 2128 591 Senecam
2163 553 2315 599 dixere,
2353 565 2457 591 nunc

260 619 324 657 alii
353 619 434 657 alio
462 619 622 657 nomine
650 618 866 656 nominant.
924 618 1077 656 Notum
1107 623 1168 656 est
1196 630 1276 655 non
1303 618 1434 656 solum
1454 623 1666 668 poetarum
1686 617 1967 656 historicorum
1988 622 2204 663 oratorum,
2234 618 2305 656 sed
2334 617 2456 656 etiam

259 684 615 733 grammaticorum
659 682 855 732 imagines
896 682 936 720 in
977 681 1126 721 scholis
1168 682 1356 721 collocari
1399 696 1486 722 esse
1528 683 1687 721 solitas:
1732 683 1828 733 quin
1862 683 1986 721 etiam
2024 682 2185 732 publice
2223 683 2269 720 L.
2300 682 2458 720 Orbilio

259 747 526 798 grammatico
559 752 732 786 statuam
763 746 982 786 Beneuenti
1022 746 1061 785 in
1097 746 1301 798 Capitolio
1335 753 1554 798 posuerunt
1592 745 1763 796 (Sueton
1792 747 1844 786 de
1872 760 1998 797 gram.
2029 746 2078 796 9).
2139 745 2386 785 Graecorum
2417 747 2456 785 in

257 819 342 849 arte
370 812 636 860 grammatica
664 812 947 848 celeberrimus
977 817 1069 859 post
1113 811 1395 848 Aristarchum
1433 811 1657 848 Aristarchi
1694 810 1913 860 discipulus
1951 810 2024 847 fuit
2052 810 2273 859 Dionysius
2301 809 2454 854 Thrax,

256 874 321 915 ille
350 875 417 927 qui
446 875 553 915 circa
581 888 730 915 annum
760 889 794 915 a.
827 873 900 916 Ch.
936 874 1014 914 100
1057 874 1193 915 Rhodi
1232 876 1382 922 docuit,
1421 889 1502 926 quo
1538 882 1721 925 ternpore
1763 875 1843 914 fere
1889 873 2140 926 γραμματικὴν
2177 873 2308 926 τεχνήν
2349 887 2455 912 com-

255 940 391 990 posuit
418 940 589 991 primus:
628 940 788 979 Romae
825 940 907 979 iam
943 939 1050 979 circa
1087 953 1233 979 annum
1272 954 1305 979 a.
1339 939 1413 980 Ch.
1443 939 1496 979 86
1524 946 1654 979 artem
1683 939 1990 991 grammaticam
2020 939 2289 990 compositam
2319 951 2406 978 esse
2433 952 2456 978 e

254 1005 451 1055 scriptore
493 1007 547 1043 ad
591 1006 839 1043 Herennium
876 1006 1067 1043 discimus
1104 1005 1156 1043 lV
1189 1005 1249 1051 12,
1282 1005 1330 1043 17
1368 1017 1496 1055 neque
1534 1003 1677 1042 dubito
1712 1004 1808 1056 quin
1843 1003 1988 1043 Aelius
2027 1002 2131 1043 Stilo
2166 1002 2456 1056 grammaticus

255 1069 541 1109 Aristarcheus
568 1071 721 1109 Rhodo
749 1072 816 1109 ubi
846 1084 951 1109 anno
979 1084 1012 1109 a.
1043 1070 1116 1108 Ch.
1150 1071 1227 1107 100
1254 1070 1457 1107 Numidici
1487 1082 1624 1106 comes
1666 1070 1829 1118 legendo
1866 1077 1905 1107 ct
1928 1070 2124 1108 audrkndo
2152 1082 2318 1118 magnos
2346 1070 2455 1106 uiros

255 1134 501 1175 auocabatur
530 1134 631 1185 (Liu.
662 1134 739 1186 69),
773 1134 995 1175 Aristarchi
1016 1134 1240 1174 doctrinam
1261 1134 1373 1174 cuius
1393 1140 1508 1174 notas
1527 1133 1712 1175 adhibuit
1730 1134 1905 1175 Romam
1926 1134 2193 1175 introduxerit
2213 1147 2237 1174 a
2256 1133 2456 1184 Dionysio

256 1206 479 1250 acceptam.
538 1201 695 1238 Rhetor
729 1200 802 1238 fuit
840 1201 1058 1250 Dionysius
1095 1206 1136 1237 et
1173 1200 1462 1250 grammaticus
1499 1199 1615 1249 (conf.
1657 1199 1711 1238 M.
1744 1198 1932 1238 Schmidt
1969 1199 2106 1250 philol.
2146 1198 2228 1238 VH
2270 1212 2309 1250 p.
2348 1199 2453 1247 36⁴),

256 1277 426 1314 quarum
464 1265 609 1303 artium
649 1271 816 1314 utraque
851 1270 892 1303 et
920 1264 1054 1302 Rhodi
1084 1270 1125 1302 et
1154 1265 1312 1302 Romae
1348 1276 1639 1314 saepenumero
1675 1264 1728 1302 ab
1757 1264 1903 1302 eodem
1932 1269 2195 1315 praeceptore
2223 1262 2456 1301 tradebatur

256 1328 373 1378 (conf.
406 1327 556 1368 Strabo
583 1329 683 1368 XlV
711 1343 749 1379 p.
778 1329 859 1368 650
888 1328 1051 1368 Sueton.
1084 1330 1135 1367 de
1164 1342 1334 1378 gramm.
1366 1329 1423 1377 4):
1455 1329 1640 1367 adiunxit
1668 1329 1729 1367 his
1758 1329 1910 1367 artibus
1939 1335 1979 1367 et
1997 1329 2189 1379 pingendi
2210 1334 2250 1366 et
2273 1328 2454 1366 caelandi

256 1393 486 1431 scientiam:
518 1406 609 1432 nam
639 1393 822 1432 Nestoris
849 1392 1040 1444 poculum
1070 1399 1241 1444 argento
1270 1406 1293 1431 a
1323 1393 1530 1444 discipulis
1564 1392 1714 1432 collato
1751 1393 1837 1444 ipse
1865 1392 1981 1432 finxit
2010 1392 2173 1443 (Athen.
2205 1392 2264 1431 XI
2290 1391 2371 1430 489
2400 1391 2455 1439 A)

256 1464 296 1496 et
325 1459 502 1508 pinxisse
531 1459 701 1497 traditur
728 1457 952 1496 Aristarchi
983 1458 1164 1508 magistri
1196 1458 1426 1508 imaginem,
1457 1458 1509 1496 de
1537 1470 1617 1508 qua
1645 1470 1774 1507 pauca
1809 1457 1980 1507 scriptor
2009 1456 2286 1508 Etymologici
2316 1456 2454 1506 Magni

255 1536 293 1573 p.
323 1522 414 1569 277,
444 1521 496 1561 53
526 1524 743 1562 memoriae
771 1523 955 1562 tradidit:
1015 1522 1150 1567 ἐκεῖνος
1194 1522 1259 1574 μέν
1304 1524 1431 1573 inquit
1469 1522 1636 1574 μαθητὴς
1678 1518 1722 1573 ἦν
1761 1520 1996 1575 Ἀριστάρχου
2038 1518 2077 1566 ὃς
2119 1519 2179 1560 καὶ
2221 1520 2281 1559 τὸν
2324 1520 2456 1559 ἑαυτοῦ

255 1586 473 1626 διδάσκαλον
509 1586 752 1641 ζωγραφήσας
790 1588 827 1626 ἐν
862 1590 914 1641 τῷ
948 1586 1074 1640 στήθει
1113 1585 1225 1627 αὐτοῦ
1260 1586 1324 1639 τὴν
1361 1585 1564 1641 τραγῳδίαν
1600 1586 1841 1641 ἐζωγράφησε
1875 1586 1934 1627 διὰ
1971 1586 2011 1626 τὸ
2050 1584 2307 1638 ἀποστηῦίξειν
2345 1583 2454 1625 αὐτὸν

254 1655 375 1690 πᾶσαν
404 1652 468 1702 τήν
496 1651 699 1704 τραγῳδίαν
728 1653 930 1700 (Schmidt
967 1653 990 1690 l.
1022 1666 1051 1690 s.
1087 1666 1125 1703 p.
1157 1653 1261 1701 363).
1329 1652 1510 1690 Pinxisse
1547 1653 1669 1703 igitur
1706 1653 1877 1691 traditur
1915 1652 2136 1702 Dionysius
2173 1650 2453 1689 Aristarchum

254 1717 320 1763 ita,
366 1723 409 1756 ut
451 1717 491 1756 in
528 1724 694 1768 pectore
735 1718 820 1756 eius
855 1718 1112 1768 Tragoediae
1155 1718 1372 1767 imaginem
1408 1717 1638 1763 collocaret,
1681 1718 1791 1767 quod
1829 1723 1957 1755 totam
2000 1716 2253 1766 tragoediam
2297 1721 2455 1765 poterat

253 1779 509 1834 ἀποστηθίξειν
538 1782 580 1821 id
609 1788 670 1822 est
698 1782 811 1834 quasi
841 1789 1101 1834 expectorare
1142 1782 1225 1822 siue
1265 1782 1496 1822 memoriter
1525 1783 1782 1833 pronuntiare
1817 1782 1877 1821 uir
1913 1781 2180 1821 doctissimus.
2239 1779 2455 1831 Quaeritur

254 1852 386 1884 utrum
415 1846 697 1885 Aristarchum
726 1853 857 1885 totum
891 1848 933 1885 id
972 1854 1033 1885 est
1069 1847 1241 1885 hominis
1276 1853 1470 1885 staturam
1510 1848 1734 1885 uniuersam
1772 1847 1990 1893 delinearit,
2031 1859 2081 1885 an
2110 1845 2254 1885 faciem
2283 1851 2452 1884 tantum-

256 1911 381 1950 modo
409 1923 501 1950 cum
531 1918 714 1962 pectore:
745 1913 817 1951 sed
848 1912 923 1951 hoc
952 1912 1201 1963 probabilius
1230 1911 1298 1950 illo
1328 1912 1431 1959 ideo,
1463 1913 1572 1963 quod
1593 1912 1623 1950 si
1646 1913 1685 1951 in
1704 1913 1826 1951 totius
1845 1912 2026 1963 corporis
2044 1910 2178 1961 effigie
2198 1911 2454 1961 Tragoediae

254 1975 510 2014 simulacrum
539 1977 579 2015 in
607 1983 772 2027 pectore
801 1978 972 2027 ponitur,
1005 1976 1181 2016 nonnihil
1212 1989 1302 2015 mea
1330 1977 1494 2027 quidem
1530 1978 1728 2016 sententia
1766 1978 1842 2016 ista
1880 1977 2086 2016 doctrinae
2114 1976 2287 2014 eximiae
2317 1975 2453 2014 notula

256 2041 391 2090 inepta
433 2053 520 2079 esse
561 2041 719 2080 uidetur
754 2048 944 2093 tanquam
983 2055 1043 2080 res
1082 2042 1225 2092 pusilla
1263 2048 1303 2080 et
1340 2042 1492 2081 minuta
1530 2043 1736 2093 apposita:
1778 2043 1809 2081 si
1849 2043 1888 2081 in
1916 2047 2081 2093 pectore
2109 2046 2321 2091 protomae
2349 2052 2452 2090 quae

257 2110 426 2143 uocatur
453 2105 536 2143 siue
565 2105 761 2155 imaginis,
800 2106 927 2145 multo
956 2107 1086 2157 magis
1115 2107 1154 2144 in
1183 2113 1323 2157 aperto
1352 2107 1484 2157 posita
1513 2113 1553 2145 et
1581 2107 1720 2145 oculos
1749 2113 1789 2146 et
1817 2108 1973 2145 animos
2001 2107 2180 2145 omnium
2211 2111 2372 2156 torquet
2400 2105 2453 2143 ad

256 2182 343 2209 sese
386 2182 515 2221 neque
557 2170 800 2220 Dionysium
842 2172 1066 2221 putauerim
1111 2171 1366 2221 Tragoediae
1408 2171 1578 2221 figuram
1621 2171 1859 2210 Aristarcho
1910 2171 1949 2210 in
1992 2176 2156 2222 pectore
2209 2169 2455 2208 uestimentis

257 2240 401 2284 operto
429 2234 621 2285 posuisse,
665 2236 736 2272 sed
772 2248 853 2285 quo
892 2236 1021 2285 magis
1057 2236 1153 2273 illud
1182 2234 1438 2286 ἀποπηθίζειν
1474 2237 1715 2275 indicaretur
1750 2237 1788 2275 in
1828 2237 1937 2274 nudo
1965 2241 2130 2286 pectore
2160 2246 2287 2284 neque
2315 2233 2455 2272 Musae

257 2298 436 2348 tragicae
465 2299 664 2347 integram
694 2298 864 2348 figuram
894 2300 933 2337 in
961 2300 1036 2337 hac
1066 2313 1107 2337 re
1137 2300 1283 2349 regulis
1312 2306 1352 2338 et
1379 2302 1509 2338 sensui
1540 2301 1736 2339 artificum
1767 2302 1836 2339 uix
1856 2307 2006 2350 aptam,
2036 2300 2107 2337 sed
2128 2311 2212 2338 rem
2232 2299 2328 2337 satis
2348 2298 2453 2336 clare

257 2363 534 2400 demonstrare
561 2362 695 2412 potuit
723 2374 894 2411 persona
923 2363 1078 2411 tragica
1106 2363 1279 2412 appicta.
1340 2363 1543 2401 Sollemne
1579 2377 1674 2401 uero
1711 2365 1901 2402 mansisse
1937 2363 2161 2401 Aristarchi
2197 2362 2452 2400 simulacrum

256 2438 329 2476 per
356 2425 516 2464 saecula
545 2437 568 2463 a
598 2426 798 2476 Dionysio
827 2427 866 2465 in
895 2426 1003 2466 illam
1033 2426 1202 2465 sormam
1224 2427 1498 2473 constitutum,
1529 2440 1607 2478 qua
1627 2427 1699 2466 fuit
1719 2428 1957 2467 auctoritate
1977 2426 2195 2478 discipulus
2213 2426 2453 2465 clarissimus

256 2491 365 2540 apud
408 2496 604 2540 posteros,
649 2504 713 2528 me
756 2492 888 2528 iudice
929 2492 1185 2529 statuendum
1224 2498 1284 2529 est
1320 2504 1447 2542 neque
1483 2504 1575 2529 cum
1612 2504 1810 2531 marmore
1846 2498 1915 2531 aut
1952 2503 2043 2530 aere
2079 2491 2231 2530 uultum
2272 2492 2451 2541 magistri

256 2555 543 2605 exprimebant
585 2556 795 2594 recessisse
837 2555 1012 2594 artifices
1050 2556 1290 2594 crediderim
1328 2556 1379 2593 ab
1415 2556 1639 2606 archetypo
1678 2570 1796 2595 manu
1837 2557 2021 2607 Dionysii
2051 2557 2220 2594 Thracis
2258 2558 2452 2594 consecto.

257 2618 470 2658 Summam
499 2619 672 2671 denique
700 2620 802 2660 inter
829 2621 1029 2672 pictorum
1060 2620 1360 2672 plastarumque
1389 2633 1511 2672 opera
1540 2620 1615 2659 illis
1644 2621 1893 2673 temporibus
1923 2621 2188 2661 intercessisse
2217 2620 2451 2661 affinitatem

255 2698 309 2724 ex
340 2685 595 2737 Pompeianis
623 2686 789 2736 picturis
817 2680 939 2726 hodie
967 2687 1116 2726 scimus
1144 2699 1294 2726 omnes.

451 2750 536 2788 Iam
566 2751 676 2788 uenit
703 2751 742 2789 in
772 2757 947 2790 mentem
976 2751 1176 2790 simulacri
1213 2751 1316 2789 illius
1345 2752 1557 2789 marmorei
1586 2753 1696 2802 quod
1726 2765 1828 2790 nunc
1857 2757 2038 2791 seruatur
2066 2752 2103 2790 in
2132 2752 2293 2790 aedium
2323 2752 2450 2790 Musei

255 2892 342 2930 regia
365 2892 604 2930 Tirynthiorum
636 2892 706 2929 suit,
744 2893 861 2936 ταῦρον
893 2897 924 2922 et
953 2893 1058 2922 hercle
1089 2888 1174 2927 ἄξιον
1206 2893 1333 2937 ταῦρον,
1364 2893 1413 2922 cui
1445 2898 1549 2923 tamen
1574 2902 1638 2922 non
1662 2890 1857 2938 κυβιστητήρ
1882 2893 2008 2932 insidet,
2046 2894 2099 2924 sed
2123 2892 2245 2938 δαίμων
2270 2894 2381 2935 Satyro
2405 2894 2451 2926 illi

255 2946 377 2984 similis,
404 2957 498 2986 quem
524 2948 690 2977 Amenano
714 2947 850 2977 insidere
880 2947 1055 2978 taurisci-mi
1088 2947 1186 2977 fluuio
1218 2948 1362 2977 uidemus
1386 2949 1416 2977 in
1449 2949 1586 2978 nummis
1617 2949 1835 2979 Catinensium
1867 2950 1976 2979 eadem
2009 2950 2105 2988 plane
2128 2949 2228 2979 forma
2252 2951 2451 2989 praeditum:

254 3001 340 3030 conf.
368 3001 393 3029 1.
419 3001 563 3038 Graesse,
597 3001 781 3031 Handbuch
812 3001 868 3031 ‹ler
898 3001 1124 3038 Numismatik,
1160 3001 1291 3041 Leipzig
1324 3002 1416 3039 1852.
1453 3002 1563 3032 tabula
1587 3002 1661 3032 XVI
1685 3004 1705 3036 8
1730 3003 1851 3033 XXXV
1874 3003 1906 3036 2.
1954 3003 2017 3042 Qui
2048 3013 2220 3034 consensus
2250 3004 2363 3034 summi
2395 3004 2453 3033 erit

255 3055 405 3085 momenti
431 3065 495 3084 non
519 3055 621 3085 solum
644 3055 685 3085 ad
708 3056 783 3086 artis
806 3056 980 3092 historiam,
1007 3056 1061 3085 sed
1085 3056 1180 3085 etiam
1204 3057 1243 3086 ad
1267 3067 1377 3086 omnes
1402 3057 1593 3094 religionum
1625 3059 1773 3097 uitaeque
1799 3059 2003 3088 condiciones
2029 3063 2061 3088 et
2091 3059 2230 3089 rationes
2260 3068 2342 3097 quae
2373 3059 2455 3088 inter

254 3108 439 3148 Tirynthios
462 3114 493 3139 et
517 3109 639 3140 Siculos
663 3110 901 3140 intercedebant
925 3114 1007 3140 recte
1039 3110 1280 3149 intellegendas.
1330 3111 1391 3140 Sed
1422 3111 1462 3141 (le
1494 3112 1586 3141 huius
1617 3113 1696 3142 tauri
1729 3113 1877 3151 imagine,
1909 3123 2003 3152 quem
2035 3113 2143 3152 inepte
2166 3113 2363 3142 circulatoris
2386 3123 2453 3142 esse

254 3164 353 3201 uulgo
377 3169 500 3202 putant,
522 3164 587 3194 alio
610 3165 681 3193 loco
703 3173 815 3202 agam:
839 3166 962 3194 Aetnae
987 3165 1072 3194 urbis
1096 3170 1124 3194 et
1150 3165 1311 3203 Tirynthis
1342 3165 1529 3194 affinitatem
1560 3171 1589 3195 et
1621 3168 1879 3197 communionem
1914 3167 2106 3205 religionum
2131 3167 2287 3206 Cyclopes
2310 3167 2452 3196 indicant

252 3218 306 3258 qui
330 3223 361 3248 et
385 3218 435 3248 hie
458 3223 490 3249 et
513 3218 577 3248 illic
600 3219 676 3249 clari
701 3219 798 3250 suere.
