2720 3743
217 206 243 245 6

221 339 321 376 deos
349 352 426 388 pro
457 340 765 389 pulchritudinis
793 342 905 389 quasi
936 341 1092 389 legibus
1120 347 1159 377 et
1190 340 1327 388 regula
1356 340 1614 377 humanitatis
1642 340 1793 387 fingere
1821 339 2006 378 solebant
2041 340 2224 385 artifices,
2262 326 2424 390 prorsus

220 403 549 453 aspernabantur,
595 404 650 443 ita
693 410 736 443 ut
778 416 906 455 pauca
949 417 1042 442 usus
1084 402 1185 441 illius
1223 403 1450 442 etiamnunc
1486 408 1647 443 exstent
1685 402 1866 453 uestigia.
1924 401 2063 442 Veluti
2101 402 2316 455 Aquilonis
2358 404 2423 444 dei

218 474 414 513 naturam,
445 481 566 519 quem
596 469 759 506 omnino
788 481 916 518 neque
945 468 1081 517 sugere
1111 480 1239 517 neque
1269 467 1390 505 latere
1419 468 1596 517 potuerit
1625 467 1815 517 Orithyia
1844 467 1899 505 ita
1927 467 2170 517 significauit
2205 468 2351 518 figulus
2384 469 2423 507 in

218 530 384 571 uasculo
412 532 612 572 annalium
643 533 810 572 instituti
840 532 1012 571 Romani
1046 532 1148 571 1860
1177 531 1257 570 tab.
1280 531 1362 570 LM
1392 537 1435 571 ut
1463 532 1614 582 duplici
1643 532 1744 571 facie
1774 532 1894 571 deum
1925 531 2143 572 delinearet
2170 533 2420 583 praeditum:

218 596 270 634 de
314 595 464 635 Bacchi
517 609 612 635 uero
661 596 828 635 aliorum
881 596 1042 634 Hermis
1093 595 1327 647 bicipitibus
1378 601 1420 635 et
1468 597 1519 635 de
1561 595 1840 648 Rheginorum
1884 608 1987 648 quae
2037 596 2076 635 in
2119 597 2291 636 nummis
2332 610 2423 637 con-

217 661 384 711 spicitur
425 662 502 699 dea
537 661 691 711 bicipiti
739 661 936 709 (Mionnet
973 660 1277 711 description.1
1316 675 1354 712 p.
1387 660 1482 710 349)
1530 662 1691 700 difficile
1737 662 1810 701 erit
1852 661 2063 707 iudicium,
2110 662 2204 712 quia
2247 669 2288 702 et
2335 664 2422 702 aeui

219 726 448 765 recentioris
491 725 582 765 illae
623 731 713 764 sunt
755 738 894 765 omnes
937 738 1065 776 neque
1111 738 1165 765 ex
1215 726 1407 777 religione
1458 726 1664 778 profectae
1713 727 1765 766 ad
1815 727 1982 766 deorum
2035 728 2332 767 uenerationem
2383 734 2424 768 et

215 790 367 829 cultum
396 791 642 841 pertinuisse,
681 792 753 829 sed
783 791 904 829 ueluti
935 791 1045 829 lusus
1073 804 1194 830 causa
1223 805 1275 830 ex
1304 792 1502 831 artificum
1532 792 1696 830 libidine
1721 792 1948 842 composita
1976 797 2302 831 ornamentorum
2332 793 2424 831 loco

217 854 335 894 fuisse
365 855 558 895 uidentur.

409 920 455 958 ΙΙ.
517 920 743 972 Sophocles
780 920 1016 973 Antigonae
1054 936 1089 960 u.
1125 922 1200 962 139
1244 918 1340 961 ἄλλα
1376 921 1410 961 δ’
1444 920 1503 961 ἐπ’
1537 917 1660 965 ἄλλοις
1695 920 1863 973 ἐπενώμα
1907 918 2127 973 στυφελίζων
2169 920 2280 973 μέγας
2314 918 2423 975 Ἄρης

215 983 428 1037 δεξιόσειρος
473 986 575 1024 miro
618 985 803 1036 profecto
847 992 887 1025 et
931 987 1104 1025 obscuro
1147 988 1390 1037 cognomine
1432 987 1603 1026 Martem
1647 986 1909 1036 nuncupauit,
1953 986 2269 1025 uetustissimum
2312 987 2423 1026 illum

215 1049 504 1089 Thebanorum
535 1051 656 1089 deum
687 1064 807 1101 quem
836 1049 1072 1103 παλαίχῦονα
1109 1053 1216 1102 apud
1247 1052 1497 1102 Aeschylum
1537 1051 1721 1090 mulieres
1750 1050 2051 1090 Thebanorum¹
2074 1050 2279 1101 appellant
2309 1051 2422 1103 Sept.

220 1115 306 1154 102.
366 1115 472 1154 Nam
503 1129 623 1166 quem
659 1116 896 1166 interpretes
931 1130 1013 1166 quo
1049 1115 1263 1168 δεξιόσειρος
1302 1117 1541 1156 uocabulum
1578 1116 1781 1166 explicent
1819 1115 2002 1155 adferunt
2038 1129 2196 1155 uersum
2226 1114 2422 1167 Aeschyli

217 1178 367 1229 Agam.
401 1180 480 1219 2:¹06
511 1178 616 1231 μόνος
646 1179 679 1218 δ’
709 1178 906 1224 Ὀδυσσεὺς
936 1177 1046 1232 ὅσπερ
1076 1179 1146 1233 οὐχ
1176 1180 1264 1219 ἑκὼν
1294 1179 1396 1219 ἔπλει
1428 1178 1592 1233 ζευχθεὶς
1622 1180 1762 1232 ἕτοιμος
1798 1176 1841 1231 ἦν
1871 1178 1951 1232 ἐμοὶ
1990 1178 2216 1233 σειραφόρος,
2251 1193 2302 1219 eo
2330 1181 2424 1220 ideo

218 1244 312 1282 nihil
342 1245 512 1283 efficitur
542 1246 594 1283 ad
625 1245 841 1295 Sophoclis
870 1246 1003 1283 locum
1035 1252 1141 1283 recte
1171 1246 1494 1296 intellegendum,
1526 1247 1636 1296 quod
1658 1246 1831 1284 Martem
1852 1246 2140 1284 Thebanorum
2169 1246 2423 1296 potissimum

218 1308 433 1361 σειραφόρον
469 1316 509 1348 et
548 1308 738 1363 σύμμαχον
775 1309 894 1348 fuisse
933 1310 1095 1349 minime
1133 1310 1264 1349 uerbis
1307 1310 1382 1349 illis
1425 1310 1534 1349 chori
1579 1310 1846 1360 significatur:
1892 1310 2126 1361 simpliciter
2167 1311 2274 1349 enim
2311 1311 2424 1350 Deus

216 1381 385 1413 uocatur
422 1387 517 1413 ecus
555 1374 743 1412 funalium
780 1374 996 1413 dexterior.
1062 1374 1185 1425 Quod
1229 1375 1522 1414 uetustissimae
1567 1375 1770 1426 religionis
1808 1376 2022 1427 uestigium
2061 1375 2172 1427 quod
2215 1388 2342 1427 genus
2384 1383 2424 1415 et

216 1454 250 1477 u.
286 1440 391 1477 1144
421 1440 656 1501 Arffigonae
684 1446 818 1478 exstat
847 1441 1087 1478 conturbare
1116 1441 1238 1479 nolite
1275 1441 1670 1490 interpretationibus
1705 1442 1930 1479 artificiosis
1968 1454 2096 1491 neque
2135 1442 2306 1479 idoneis:
2345 1442 2422 1480 hoc

215 1500 478 1555 potissimum
499 1505 770 1556 quaerendum
801 1511 862 1544 est
890 1518 983 1544 num
1014 1505 1087 1544 rite
1116 1505 1251 1544 uocari
1282 1506 1458 1556 potuerit
1486 1503 1722 1550 ἱππικώτατος
1753 1505 1816 1545 ille
1846 1506 1945 1545 deus
1974 1512 2014 1545 et
2041 1504 2300 1559 χαλκάρματος
2320 1504 2421 1550 πόσις

213 1567 425 1621 ’.Χιρροδίτας
456 1569 571 1617 (conf.
603 1570 726 1607 schol.
756 1569 869 1607 Pind.
901 1570 1020 1620 Pyth.
1052 1569 1112 1607 IV
1142 1570 1206 1618 87)
1236 1569 1460 1622 δεξιόσειρος,
1499 1572 1602 1609 sicut
1631 1571 1834 1621 Apollinis
1863 1572 1986 1609 instar
2013 1570 2087 1609 suit
2124 1569 2231 1613 λύκος
2266 1570 2421 1608 Dianae

216 1635 310 1685 lupa
341 1635 490 1673 Bacchi
531 1634 585 1679 αἲξ
626 1636 708 1673 siue
737 1634 865 1688 τράγος
895 1636 1072 1686 Neptuni
1103 1639 1231 1688 ταῦρος
1261 1636 1301 1674 id
1331 1649 1458 1686 genus
1487 1637 1585 1675 alia:
1617 1643 1712 1675 nota
1741 1636 1928 1675 omnibus
1956 1636 2100 1687 opinor
2128 1635 2326 1674 cantilena
2355 1636 2422 1674 illa

213 1706 273 1738 est
303 1700 514 1738 mulierum
546 1700 749 1746 Elearum,
787 1713 866 1751 qua
895 1700 1088 1739 Liberum
1123 1701 1367 1739 inuocabant
1406 1701 1526 1740 ἐλθεῖν
1563 1698 1642 1753 ἥρω
1672 1700 1822 1740 Διόνυσε
1847 1698 1996 1740 Ἀλείων
2033 1701 2069 1744 ἐς
2107 1699 2192 1740 ναὸν
2221 1698 2329 1752 ἁγνὸν
2359 1700 2421 1739 σὺν

218 1763 412 1816 Χαρίτεσσι
450 1765 486 1809 ἐς
521 1765 607 1804 ναὸν
644 1768 696 1817 τῷ
728 1764 826 1817 βοέῳ
867 1764 949 1804 ποδὶ
990 1765 1099 1812 θύων,
1138 1763 1215 1811 ἄξιε
1252 1768 1362 1818 ταῦρε
1400 1763 1476 1811 ἄξιε
1522 1769 1632 1818 ταῦρε
1679 1766 1792 1814 (Plut.
1824 1773 1975 1817 quaest.
2008 1766 2151 1805 Graec.
2182 1766 2248 1814 36)
2292 1779 2421 1817 neque

216 1830 449 1869 mirabimur
490 1831 646 1870 etiamsi
687 1844 816 1883 pauca
851 1832 1074 1871 admodum
1114 1832 1164 1871 de
1204 1831 1345 1870 Martis
1383 1831 1492 1871 cultu
1531 1837 1571 1871 et
1610 1831 1870 1883 religionibus
1913 1832 2022 1883 apud
2058 1830 2238 1871 Graecos
2275 1832 2422 1872 tradita

215 1903 317 1940 sunt,
349 1897 427 1934 deo
455 1897 640 1935 bellatori
670 1910 826 1934 sacrum
847 1897 966 1935 fuisse
995 1910 1112 1935 ecum
1141 1897 1378 1935 bellatorem
1408 1898 1475 1947 qui
1505 1898 1656 1935 essedis
1683 1898 1904 1935 secundum
1934 1910 2087 1935 morem
2109 1898 2421 1935 uetustissimum

216 1961 422 2011 pugnandi
454 1960 695 2011 iungebatur
723 1974 852 2011 neque
882 1961 1078 2000 absonum
1109 1962 1183 2000 erit
1213 1961 1286 2000 sub
1318 1962 1477 2001 nomine
1506 1960 1626 2000 πώλου
1647 1959 1819 2014 Θρηϊκίης
1848 1961 2026 2011 intellegi
2047 1962 2167 2000 deum
2189 1962 2420 2007 Thracium,

217 2026 328 2063 cuius
365 2024 515 2077 χρύσεοι
548 2024 652 2064 ἵπποι
690 2032 731 2064 et
769 2026 808 2064 in
848 2026 1015 2064 Hesiodi
1057 2026 1300 2065 carminibus
1338 2026 1473 2065 incluti
1514 2027 1658 2065 fuerint
1687 2026 1812 2075 (Scut.
1844 2026 1962 2064 Herc.
1998 2025 2087 2074 192)
2116 2032 2155 2065 et
2185 2026 2224 2064 in
2254 2026 2421 2065 Homeri

218 2089 268 2136 (E
288 2089 368 2128 3133
398 2089 436 2127 O
461 2089 562 2138 119).
607 2088 881 2140 Iungebantur
908 2102 1004 2129 uero
1033 2090 1254 2141 quadrigae
1284 2091 1339 2129 ita
1369 2097 1411 2130 ut
1437 2092 1518 2130 duo
1538 2092 1628 2142 equi
1660 2092 1756 2141 iugo
1776 2090 1899 2142 pressi
1929 2090 2128 2141 capitibus
2157 2090 2421 2130 introuersum

218 2156 414 2192 contortis
434 2154 592 2193 tolutim
624 2155 735 2200 irent,
767 2156 849 2193 duo
869 2156 1088 2193 exteriores
1117 2156 1283 2194 habenis
1303 2156 1542 2195 ducerentur
1563 2157 1685 2194 uersis
1715 2157 1752 2194 in
1772 2156 2015 2194 exteriorem
2044 2161 2202 2205 partem
2223 2156 2423 2206 capitibus

218 2226 259 2258 et
289 2220 385 2269 iugo
414 2218 526 2258 liberi
557 2220 822 2269 quadrupedo
850 2232 966 2258 cursu
997 2233 1089 2259 cum
1120 2220 1229 2259 frena
1257 2221 1432 2259 admissa
1461 2227 1572 2260 erant
1601 2228 1641 2260 et
1665 2221 1998 2271 quadrupedante
2025 2221 2157 2259 sonitu
2189 2227 2232 2260 ut
2251 2220 2421 2271 Vergilii

219 2284 354 2323 uerbis
384 2290 471 2323 utar
499 2291 781 2335 euagarentur:
822 2284 875 2323 illi
916 2284 1165 2324 uocabantur
1198 2285 1349 2336 iugales
1379 2292 1447 2325 aut
1485 2284 1609 2338 ζόγιοι,
1645 2285 1684 2324 hi
1722 2285 1874 2324 funales
1911 2291 1980 2324 aut
2019 2285 2180 2338 σειραῖοι,
2218 2298 2241 2325 e
2278 2286 2421 2338 quibus

219 2357 355 2388 tamen
384 2362 463 2387 non
492 2351 636 2388 dexter
665 2351 735 2388 sed
765 2351 922 2388 sinister
950 2364 1044 2389 ecus
1073 2351 1244 2389 nobilior
1272 2351 1354 2389 fuit.
1407 2351 1531 2389 Penes
1560 2352 1760 2390 sinistrum
1791 2352 1976 2389 nimirum
2005 2364 2199 2402 equorum
2230 2352 2421 2390 funalium

220 2416 388 2453 uictoria
416 2416 637 2465 quadrigae
666 2416 810 2462 stabat,
847 2429 970 2466 penes
1005 2417 1206 2454 sinistrum
1235 2429 1350 2454 ecum
1390 2417 1521 2465 bigae,
1562 2418 1628 2466 qui
1666 2418 1774 2455 solus
1812 2418 1851 2454 in
1881 2417 1992 2455 fastis
2020 2418 2263 2455 circensibus
2294 2418 2423 2456 uictor

220 2480 415 2519 nominari
445 2479 583 2520 solitus
611 2481 682 2520 sit:
723 2494 801 2531 qua
837 2481 887 2521 de
917 2494 958 2520 re
987 2481 1088 2520 conf.
1124 2482 1155 2520 F
1160 2481 1420 2521 riedlaenderi
1458 2481 1622 2521 historia
1661 2495 1816 2521 morum
1847 2496 1884 2532 p.
1915 2481 1964 2522 R.
1994 2480 2034 2521 II
2061 2482 2142 2522 29⁴5
2171 2482 2421 2533 Marquardti

221 2545 543 2595 Mommsenique
587 2546 829 2583 manualium
873 2546 923 2583 VI
963 2545 1054 2592 523,
1095 2549 1119 2583 (ἰ
1178 2546 1248 2584 Sil.
1299 2546 1386 2584 Ital.
1428 2545 1527 2583 XVI
1565 2546 1646 2584 360
1704 2546 1823 2584 Hom.
1857 2546 1892 2584 Ψ
1922 2546 1999 2585 338
2058 2546 2182 2597 Soph.
2223 2547 2284 2585 El.
2353 2547 2377 2585 2
2410 2574 2417 2585 .

220 2611 367 2649 Errant
396 2611 529 2660 igitur,
560 2612 625 2660 qui
655 2612 826 2649 Martem
858 2610 1071 2663 δεξιόσειρον
1100 2612 1292 2662 appellari
1324 2612 1416 2650 ideo
1444 2611 1695 2657 arbitrentur,
1737 2613 1846 2661 quod
1884 2625 1979 2650 ecus
2008 2612 2214 2650 dexterior
2243 2613 2421 2651 omnium

218 2674 490 2713 nobilissimus
528 2674 644 2714 suerit
686 2682 725 2714 et
769 2677 1023 2714 uictoriosus:
1071 2678 1195 2714 immo
1233 2676 1389 2714 sinister
1428 2675 1499 2714 fuit
1538 2675 1601 2714 ille
1638 2674 1842 2727 νικηφόρος,
1879 2677 1990 2725 quod
2027 2690 2050 2714 a
2085 2677 2243 2715 sinistra
2282 2689 2418 2715 currus

216 2754 378 2779 summo
407 2753 500 2778 cum
530 2740 636 2779 uitae
665 2747 705 2779 et
735 2740 924 2779 uictoriae
954 2742 1182 2779 discrimine
1212 2742 1263 2779 ad
1294 2747 1426 2780 metae
1455 2740 1633 2791 pericula
1662 2740 1936 2779 flectebantur.
1979 2740 2120 2791 Neque
2149 2754 2228 2790 ego
2256 2742 2421 2791 quidem

217 2805 314 2844 illud
345 2803 559 2857 δεξιόσειρος
588 2806 640 2843 ad
670 2806 887 2856 quadrigas
916 2807 1048 2857 potius
1078 2813 1117 2844 et
1146 2807 1197 2844 ad
1227 2807 1378 2844 circum
1410 2807 1608 2857 pertinere
1637 2805 1851 2844 arbitratus
1886 2806 1960 2844 sim
1990 2818 2111 2856 quam
2141 2806 2194 2844 ad
2229 2805 2347 2857 bigas
2383 2812 2423 2845 et

215 2871 267 2909 ad
298 2871 496 2916 essedam,
527 2882 606 2919 qua
634 2876 786 2908 stantes
814 2876 854 2908 et
883 2870 1063 2908 homines
1092 2877 1131 2909 et
1161 2871 1260 2909 deus
1290 2872 1375 2920 ipse
1405 2871 1607 2909 Gradiuus
1637 2869 1893 2920 pugnabant:
1938 2883 2066 2920 neque
2103 2871 2208 2909 enim
2239 2871 2290 2909 de
2320 2871 2423 2909 ludis

216 2938 350 2986 agitur
387 2936 459 2975 sed
499 2936 552 2974 de
590 2935 697 2975 bello
732 2943 772 2975 et
808 2936 859 2975 de
888 2936 1017 2974 Marte
1053 2937 1239 2975 omnibus
1268 2950 1409 2986 aequo.
1467 2936 1637 2975 Etiamsi
1668 2936 1830 2986 proprie
1859 2937 1898 2975 in
1927 2937 2133 2986 quadrigis
2162 2950 2240 2975 non
2270 2951 2420 2983 omnes,

216 3001 288 3042 sed
318 3001 401 3042 duo
429 3000 652 3042 exteriores
681 3006 835 3041 tantum
866 3000 957 3052 equi
986 3000 1237 3053 appellantur
1267 3000 1418 3054 σειραῖοι
1448 3000 1599 3053 (Eurip
1622 2999 1750 3052 Iphig.
1773 2998 1866 3041 Aul.
1890 2999 1993 3051 221),
2025 3007 2158 3042 tamen
2178 3007 2218 3043 et
2244 2999 2423 3055 σειραίους

217 3065 335 3106 fuisse
365 3078 517 3116 omneS,
549 3065 660 3119 quod
690 3070 879 3119 quattuor
908 3078 1047 3105 omnes
1076 3065 1316 3119 regebantur
1345 3065 1505 3106 funibus
1534 3065 1585 3105 ab
1614 3065 1765 3119 auriga,
1796 3071 1835 3106 et
1858 3066 1940 3107 duo
1969 3071 2123 3108 tantum
2154 3067 2310 3107 medios
2347 3066 2423 3108 sub

217 3145 313 3181 iugo
352 3134 471 3170 fuisse
510 3140 622 3181 patet
663 3145 790 3180 neque
828 3133 924 3168 illud
961 3132 1173 3183 δεξιόσειρος
1211 3135 1434 3181 putauerim
1474 3146 1561 3169 esse
1600 3134 1798 3169 diversum
1829 3146 1852 3169 a
1881 3134 2006 3170 verbo
2034 3133 2201 3177 δεξιόξυξ,
2232 3135 2421 3183 quoniam

2438 2726 2445 2751 Ι

216 3200 355 3248 Eurip.
386 3201 518 3238 Orest.
554 3201 655 3237 1017
698 3199 872 3247 Pylades
901 3199 1127 3246 appellatur
1155 3199 1309 3236 Orestis
1349 3197 1566 3247 παράσειρος
1605 3200 1713 3247 quod
1753 3200 1860 3237 idem
1898 3200 1966 3236 illo
2003 3200 2095 3237 loco
2132 3213 2219 3237 esse
2254 3207 2423 3248 apparet
