2720 3743
217 229 242 267 8

216 358 449 406 debeamus,
481 371 628 411 operae
657 360 831 411 pretium
860 360 934 400 erit
963 373 1155 412 quaerere
1184 360 1328 401 fabulis
1356 360 1550 400 similibus
1588 360 1754 408 collatis,
1792 360 1831 399 in
1866 360 2011 412 quibus
2046 361 2198 413 antiqui
2236 371 2420 400 sermone

214 424 377 473 poetico
405 430 447 462 et
476 424 661 473 mythico
686 438 747 463 res
776 432 913 475 gestas
941 427 1182 465 occulebant
1210 433 1250 465 et
1278 427 1462 465 celabant
1491 427 1625 476 potius
1654 438 1775 475 quam
1805 425 2065 469 declarabant
2092 427 2135 463 et
2161 425 2416 464 euoluebant.

216 487 326 527 Cave
354 489 498 526 credas
526 488 702 527 fabulam
734 489 842 528 illam
873 491 926 528 ad
957 491 1129 529 nominis
1159 490 1346 542 Capitolii
1376 489 1686 541 explicationem
1724 501 1811 527 esse
1846 494 1998 527 temere
2026 488 2163 528 fictam
2193 490 2340 539 (Varro
2368 491 2419 528 de

214 553 237 591 l.
261 552 402 611 [mxv
421 553 499 601 41).
544 553 669 604 Quod
689 555 905 605 quominus
923 562 1148 594 statuamus
1168 570 1218 594 eo
1237 555 1496 606 prohibemur
1515 556 1625 605 quod
1646 568 1728 593 uox
1757 554 1824 593 illa
1853 554 2017 593 minime
2045 554 2194 605 egebat
2222 553 2418 593 eiusmodi

214 616 430 655 artificiosa
459 617 789 668 interpretatione
818 631 948 671 neque
976 619 1110 658 fabula
1140 620 1206 659 illa
1235 620 1305 658 uiri
1338 620 1446 659 docti
1476 620 1683 658 cuiusdam
1713 619 1915 657 lucernam
1936 618 2090 657 redolet
2118 618 2190 657 sed
2219 624 2419 657 uetustam
2456 670 2460 674 ι

214 683 418 731 quandam
448 689 488 720 et
518 684 769 721 reconditam
798 697 896 734 prae
924 697 966 722 se
995 684 1071 722 fert
1092 684 1337 734 religionem.
1384 684 1518 734 Quam
1539 698 1630 723 cum
1650 685 1836 722 audimus
1855 696 1947 722 cum
1969 684 2137 733 Tagetis
2156 684 2418 722 Etruscorum

215 747 282 797 qui
313 747 542 798 Tarquiniis
570 748 778 798 quondam
806 749 978 788 traditur
1006 756 1196 788 exaratus
1231 763 1318 789 esse
1354 749 1469 800 (cons.
1500 749 1701 789 Censorin.
1733 749 1791 788 IV
1826 748 1873 788 13
1901 748 1980 796 alii)
2020 748 2129 787 uenit
2157 743 2205 787 'in
2244 754 2420 787 mentem

214 817 300 850 tum
330 811 489 851 fabulae
525 812 627 851 illius
656 826 779 864 quam
809 815 861 853 de
891 813 1149 865 Carthaginis
1182 815 1413 866 primordiis
1442 815 1646 866 Vergilius
1674 814 1776 853 Aen.
1809 814 1826 853 I
1853 813 1928 852 441
1963 813 2098 852 Iustin.
2130 812 2272 852 XVIII
2300 813 2337 859 5,
2372 813 2431 852 151

217 876 380 913 Seruius
408 878 460 914 ad
489 877 593 915 Aen.
617 878 639 914 l.
663 891 692 916 s,
724 879 790 916 alii
821 880 1040 917 memoriae
1070 880 1331 925 tradiderunt,
1363 880 1474 917 cuius
1502 879 1836 929 significationem
1865 880 2093 916 etiamnunc
2123 879 2230 916 haud
2260 878 2420 915 difficile

213 941 385 992 perspici
416 955 536 992 posse
565 942 753 982 arbitror:
795 942 926 983 Lucus
962 944 1090 995 inquit
1118 944 1324 995 Vergilius
1360 945 1401 983 in
1439 944 1538 983 urbe
1562 945 1652 994 fuit
1678 943 1822 988 media,
1853 943 2095 983 laetissimus
2122 942 2291 983 umbrae
2334 940 2420 989 Quo

207 1006 392 1056 primum
430 1007 570 1046 iactati
604 1008 723 1047 undz's
761 1014 800 1047 et
833 1009 991 1048 turbine
1027 1009 1149 1048 Poeni
1188 1009 1377 1060 hffodere
1413 1009 1492 1048 loco
1528 1009 1701 1059 signum.
1739 1009 1846 1060 quod
1879 1009 1996 1060 regia
2033 1008 2130 1047 Iuno
2167 1008 2425 1046 Monstrarat

214 1079 333 1121 eapm
359 1073 470 1110 acris
489 1075 604 1123 equi;
632 1074 690 1111 sic
709 1087 803 1112 nam
820 1076 921 1123 fore
950 1075 1048 1112 bello
1067 1075 1294 1124 Egregium
1317 1082 1356 1113 et
1368 1075 1540 1123 facilem
1570 1075 1673 1112 uictu
1694 1081 1776 1123 per
1802 1075 1962 1113 saecula
1983 1081 2153 1124 gentem.
2200 1074 2420 1112 Historiam

215 1149 337 1187 quam
377 1138 509 1188 tangit
544 1144 676 1189 poeta,
717 1137 879 1178 Seruius
916 1139 1100 1186 seruauit,
1141 1139 1207 1190 qui
1246 1139 1347 1178 haec
1385 1139 1535 1178 tradat:
1591 1138 1699 1177 Dido
1741 1151 1828 1178 cum
1870 1139 2068 1178 transiret
2097 1145 2178 1189 per
2220 1137 2422 1189 quandam

216 1202 392 1241 insulam
421 1202 594 1241 lunonis.
625 1203 708 1241 illic
735 1205 885 1254 accepit
909 1204 1114 1242 oraculum
1144 1210 1182 1242 et
1206 1204 1449 1243 sacerdotem
1478 1204 1562 1242 eius
1590 1216 1720 1242 secum
1757 1204 1931 1243 abstulit.
1971 1216 2058 1242 cum
2087 1205 2127 1242 ei
2149 1211 2303 1254 parum
2342 1215 2420 1241 cre-

216 1267 332 1305 deret
348 1268 600 1317 promittenti
621 1267 884 1318 Carthagines
907 1269 1030 1307 sedes.
1081 1268 1166 1316 Quo
1194 1282 1281 1307 cum
1311 1269 1521 1307 uenissent.
1552 1269 1740 1307 sacerdos
1763 1269 1884 1319 elegit
1909 1270 2033 1307 locum
2050 1269 2271 1319 faciendae
2295 1268 2420 1307 urbis.

217 1345 292 1381 quo
320 1332 461 1381 effosso
488 1334 687 1371 itmentum
717 1340 776 1371 est
801 1340 921 1382 caput
946 1334 1055 1371 bouis
1064 1348 1077 1371 .·
1114 1334 1222 1382 quod
1255 1346 1342 1371 cum
1380 1333 1649 1382 displicuisset
1681 1333 1776 1382 quia
1805 1334 1872 1371 bos
1899 1341 2059 1383 semper
2086 1334 2321 1383 subzbaegatus
2350 1339 2419 1373 est.

215 1396 297 1434 alio
333 1397 413 1434 loco
450 1396 589 1447 cfftsso
627 1403 747 1447 caput
780 1397 871 1447 equi
905 1397 1106 1435 inuentum
1135 1397 1295 1446 placuit
1319 1410 1351 1435 e.
1384 1410 1421 1447 q.
1451 1410 1479 1434 s.
1554 1395 1677 1447 Quod
1714 1396 1946 1447 prodigium
1986 1397 2025 1435 in
2054 1398 2228 1436 nummis
2257 1396 2420 1436 Cartha-

216 1461 464 1510 geniensium
494 1461 730 1507 celebratur,
771 1462 838 1499 ubi
868 1462 1115 1511 conspicitur
1142 1468 1213 1500 aut
1240 1462 1331 1512 equi
1370 1468 1493 1512 caput
1528 1468 1595 1500 aut
1632 1473 1725 1500 ecus
1754 1466 1864 1500 totus
1892 1462 2052 1511 palmae
2080 1462 2212 1500 arbori
2243 1462 2418 1506 adstans,

215 1539 319 1575 quae
347 1526 481 1564 lucum
511 1526 620 1563 illum
649 1525 866 1575 significet:
898 1526 1000 1565 conf.
1032 1527 1077 1565 L.
1110 1526 1278 1565 Mueller
1306 1527 1586 1565 numismatica
1614 1525 1780 1564 Africae
1807 1526 1996 1576 antiquae
2024 1526 2062 1566 11
2089 1540 2128 1577 p.
2160 1526 2223 1566 74.
2280 1525 2421 1576 Itaque

215 1589 321 1630 sama
345 1596 430 1630 erat
457 1591 565 1642 apud
595 1590 762 1639 Poenos,
793 1604 846 1631 ex
875 1590 1024 1631 oraculi
1055 1603 1248 1644 responso
1267 1604 1316 1631 eo
1345 1591 1438 1631 loco
1466 1590 1606 1630 urbem
1635 1603 1659 1630 a
1688 1590 1826 1642 regina
1853 1603 1940 1631 esse
1968 1592 2187 1640 conditam,
2218 1603 2300 1643 quo
2327 1590 2419 1643 equi

214 1657 347 1707 capite
375 1656 522 1694 effosso
550 1663 692 1706 postea
722 1657 798 1694 luci
830 1663 871 1695 et
899 1657 1089 1695 arborum
1119 1659 1363 1696 amoenitate
1393 1657 1642 1695 fruebantur:
1673 1657 1739 1694 alii
1770 1657 1822 1694 de
1849 1658 1993 1707 capitis
2021 1658 2161 1695 bubuli
2191 1657 2420 1695 inuentione

213 1724 473 1768 tradiderant,
517 1724 627 1772 quod
666 1737 758 1761 cum
796 1723 863 1762 illa
901 1737 1022 1773 quam
1053 1724 1258 1773 Vergilius
1294 1723 1460 1762 exhibet
1502 1722 1636 1761 fabula
1678 1723 1734 1761 ita
1771 1722 1921 1772 posteri
1958 1724 2170 1770 sociarunt,
2216 1729 2260 1761 ut
2294 1736 2343 1761 ea
2381 1722 2420 1760 in

213 1800 360 1828 nouam
396 1786 505 1828 illam
544 1786 701 1828 fabulae
738 1786 910 1828 formam
946 1787 1282 1829 constituerentur
1316 1788 1444 1840 qualis
1479 1793 1520 1828 et
1553 1787 1663 1840 apud
1694 1785 1879 1828 Seruium
1915 1793 1956 1828 et
1994 1787 2102 1840 apud
2138 1786 2331 1829 Iustinum
2369 1786 2420 1827 de

213 1855 418 1905 utriusque
464 1854 609 1905 capitis
656 1853 885 1892 inuentione
933 1854 1082 1893 tradita
1126 1860 1197 1893 est.
1271 1854 1413 1905 Neque
1451 1853 1672 1905 quidquam
1717 1852 1836 1892 refert
1878 1853 2021 1905 opinor
2062 1854 2333 1892 humanumne
2369 1865 2420 1891 an

213 1920 411 1957 taurinum
450 1931 500 1956 an
543 1919 732 1968 equinum
776 1931 827 1956 an
861 1920 1056 1969 serpentis
1099 1932 1149 1957 an
1186 1919 1321 1968 Satyri
1366 1919 1482 1967 (conf.
1515 1919 1714 1957 Gerhardi
1743 1919 1828 1957 Etr.
1858 1931 1917 1968 sp.
1951 1918 2115 1967 CCCV)
2158 1919 2256 1957 illud
2298 1924 2420 1968 caput

214 1983 341 2030 fuerit,
372 1983 498 2022 modo
527 1983 578 2022 de
606 1983 740 2034 capite
768 1982 915 2022 effosso
943 1989 1111 2023 constet.
1158 1981 1316 2034 Quodsi
1345 1989 1532 2023 accurate
1561 1983 1808 2034 reputaueris
1836 1982 1952 2023 facile
1981 1982 2140 2023 fabulae
2166 1982 2280 2022 istius
2299 1995 2420 2034 quam

215 2048 397 2098 mythico
435 2060 617 2085 sermone
653 2048 987 2099 comprehensam
1024 2049 1276 2086 tradiderunt
1311 2048 1525 2099 scriptores
1560 2048 1897 2098 significationem
1935 2060 2060 2086 erues·
2120 2046 2231 2098 Quid
2270 2059 2421 2098 quaeso

216 2112 423 2150 oraculum
452 2113 693 2161 respondere
732 2113 908 2152 debebat
943 2113 1030 2158 illis,
1070 2115 1138 2162 qui
1176 2113 1251 2151 sub
1290 2113 1375 2151 sole
1413 2113 1569 2152 feruido
1607 2114 1647 2151 in
1674 2113 1840 2152 Africae
1876 2113 2005 2152 arenis
2042 2112 2183 2151 urbem
2220 2112 2419 2151 condituri

214 2182 338 2223 erant,
369 2189 451 2227 quo
480 2175 627 2215 effosso
655 2177 787 2216 uerbis
816 2177 1075 2217 fundamenta
1104 2176 1324 2228 ponerent?
1382 2176 1465 2217 Cur
1494 2177 1667 2228 denique
1695 2177 1808 2217 lucus
1837 2177 1905 2217 illo
1934 2176 2189 2228 potissimum
2218 2176 2311 2216 loco
2339 2188 2421 2228 quo

214 2247 339 2292 caput
365 2241 555 2291 equinum
584 2241 759 2280 effodere
788 2248 930 2293 postea
957 2241 1151 2281 effloruit?
1209 2242 1421 2292 Intelleges
1456 2243 1651 2293 profecto,
1690 2243 1722 2281 si
1751 2243 1931 2282 animum
1968 2242 2188 2281 attenderis
2222 2253 2326 2292 quae
2361 2240 2421 2278 uis

214 2307 342 2345 subsit
372 2306 505 2344 uerbis
533 2312 574 2344 et
602 2314 723 2356 caput
752 2314 792 2346 et
820 2320 914 2346 ecus
948 2313 989 2346 et
1026 2314 1172 2353 taurus,
1210 2308 1418 2358 intelleges
1456 2308 1685 2359 prorupisse
1722 2307 1967 2347 fodientibus
2002 2321 2119 2346 ecum
2156 2307 2268 2346 illum
2308 2305 2420 2345 fonti-

216 2371 360 2417 nalem,
403 2369 573 2422 Πήγασον
612 2369 912 2410 Corinthiorum
956 2384 1084 2422 neque
1126 2372 1347 2422 quidquam
1391 2372 1509 2411 fuisse
1551 2373 1818 2423 praestantius
1856 2372 2076 2412 condituris
2114 2372 2254 2411 urbem
2297 2383 2418 2422 quam

216 2448 345 2488 aquae
380 2435 612 2476 facultatem
652 2447 780 2487 neque
819 2436 952 2475 lucum
990 2436 1102 2475 illum
1141 2448 1261 2488 quem
1291 2437 1496 2488 Vergilius
1534 2443 1732 2477 memorat
1767 2438 1908 2488 procul
1946 2449 2051 2489 aqua
2079 2442 2120 2477 et
2148 2436 2257 2477 fonte
2285 2435 2418 2483 fuisse,

215 2503 319 2540 sicut
349 2502 387 2539 in
418 2503 591 2539 nummis
620 2514 726 2550 equo
754 2502 932 2551 palmam
963 2502 1146 2539 uidemus
1174 2503 1458 2540 consociatam.
2322 2499 2327 2504 ’

411 2566 571 2605 Tritum
602 2578 698 2603 uero
726 2571 766 2604 et
795 2565 983 2604 usitatum
1014 2564 1086 2604 fuit
1115 2566 1223 2616 apud
1253 2565 1425 2616 populos
1454 2567 1639 2617 antiquos
1666 2567 1774 2616 apud
1805 2565 2016 2605 Hebraeos
2035 2565 2259 2606 Germanos
2279 2565 2422 2605 Persas

215 2630 396 2670 Graecos
433 2630 653 2675 Romanos,
703 2636 746 2669 ut
784 2629 936 2669 fontem
972 2643 994 2668 e
1031 2636 1136 2668 terra
1178 2630 1450 2680 prosilientem
1495 2630 1683 2681 fluuiique
1725 2631 1965 2688 principium
2008 2632 2131 2682 capiti
2174 2630 2418 2670 conferrent:

214 2696 383 2735 uerbum
413 2696 520 2735 enim
550 2695 675 2734 uerbo
704 2695 880 2735 reddidit
911 2695 1186 2745 Hieronymus
1223 2707 1316 2734 cum
1346 2694 1445 2734 Gen.
1478 2695 1516 2734 II
1550 2696 1598 2734 10
1627 2701 1816 2734 uerteret:
1861 2695 1917 2734 Et
1941 2695 2101 2746 fluuius
2139 2696 2422 2747 egrediebatur

213 2763 263 2801 de
299 2763 379 2800 loco
414 2761 628 2811 uoluptatis
665 2761 725 2799 ad
755 2760 1017 2811 irrigandum
1048 2760 1294 2810 paradisum
1332 2761 1403 2811 qui
1435 2760 1526 2798 inde
1559 2760 1756 2798 diuiditur
1783 2761 1824 2798 in
1852 2768 2036 2811 quattuor
2064 2761 2196 2811 capita
2225 2766 2266 2798 et
2295 2760 2420 2799 Hero-

212 2828 334 2865 dotus
364 2826 419 2865 1V
448 2826 495 2864 91
531 2825 654 2863 Darei
686 2825 792 2874 regis
821 2824 944 2863 uerba
973 2830 1159 2862 accurate
1188 2825 1227 2862 ni
1256 2824 1370 2862 fallor
1400 2825 1681 2873 interpretatus
1710 2830 1770 2862 est
1798 2837 1890 2863 cum
1919 2825 2111 2863 scriberet
2139 2823 2281 2876 Τεάρου
2310 2839 2420 2863 ποτα-

212 2893 284 2943 μοῦ
312 2887 474 2944 κεφαλαί
503 2891 578 2929 κτλ.
607 2895 648 2929 et
686 2889 725 2928 in
760 2889 1054 2940 epigrammate
1090 2888 1260 2938 legimus
1290 2887 1383 2927 CIG
1411 2887 1489 2927 457
1524 2886 1667 2941 Ἑρμῆν
1699 2887 1873 2928 Ναιάδων
1903 2888 2106 2929 συνοπάονα
2135 2888 2229 2942 θῆκέ
2258 2903 2303 2942 με
2330 2890 2419 2943 τῇδε

208 2955 369 3000 Ἰῧσθλὸς
398 2954 490 3008 ἀνὴρ
519 2954 653 3008 κρήνης
673 2953 804 3007 κρατὸς
824 2952 884 2992 ἐπ’
903 2951 1056 2991 ἀενάουῑ
1088 2954 1197 3004 apud
1227 2954 1433 2991 Romanos
1462 2954 1635 3004 denique
1664 2967 1756 2992 usus
1785 2955 1897 2993 istius
1925 2955 2229 2993 innumerabilia
2257 2960 2420 2993 exstant

211 3021 402 3073 exempla
444 3027 486 3061 et
528 3021 638 3072 apud
681 3025 825 3072 poetas
867 3025 908 3058 et
950 3019 1058 3070 apud
1101 3019 1316 3070 scriptores
1358 3019 1565 3070 pedestres
1608 3018 1724 3069 (conf.
1754 3018 1856 3058 Otto
1890 3019 1998 3059 Iahn.
2036 3020 2190 3060 dissert.
2221 3032 2303 3060 soc.
2335 3032 2417 3071 reg.

213 3085 365 3124 Saxon.
400 3085 501 3125 1851
533 3097 572 3136 p.
608 3084 697 3123 143.
730 3083 840 3132 144):
887 3083 1008 3121 ueluti
1049 3083 1248 3121 Palladius
1286 3095 1422 3121 mense
1460 3083 1635 3133 August.
1666 3095 1751 3134 cap.
1785 3083 1880 3123 VIII
1909 3084 1931 3123 7
1971 3084 2070 3123 haec
2108 3085 2222 3136 quasi
2261 3085 2421 3123 Tuscus

210 3151 374 3203 aquilex
403 3151 621 3202 praecipit:
655 3149 735 3189 His
762 3151 897 3200 itaque
926 3149 1110 3198 repertis.
1141 3154 1250 3187 certa
1277 3148 1485 3198 sig-norum
1502 3149 1701 3200 firmante
1723 3150 1872 3196 notitia,
1894 3156 2060 3200 puteum
2076 3150 2216 3201 fodies
2236 3156 2276 3189 et
2291 3163 2422 3200 aquae

211 3225 330 3269 caput
364 3218 573 3269 requires.-
615 3217 685 3256 uel
716 3217 757 3256 si
782 3216 913 3267 plura
949 3221 1052 3255 sunt.
1090 3215 1131 3254 in
1160 3228 1281 3254 unum
1318 3215 1489 3266 colliges.
1562 3215 1746 3255 Eandem
1782 3216 2017 3268 religionem
2056 3217 2166 3269 apud
2195 3215 2420 3256 Germanos

210 3284 331 3322 fuisse
359 3283 558 3321 uocabula
587 3287 820 3334 peruetusta
848 3280 1135 3319 kattenbalzlccs
1164 3280 1299 3319 ltoubit
1324 3280 1612 3331 lmmgrinpalces
1639 3282 1776 3333 lcoupit
1801 3282 2042 3321 brunhouhit
2067 3288 2285 3333 testantur3
2313 3280 2417 3320 conf.
