2720 3743
2434 190 2458 234 7

264 327 385 372 atque
414 318 546 373 ὃμόζυξ
563 322 594 370 ¹)
623 328 665 360 et
692 321 885 372 Aeschyl.
916 321 1067 371 Agam.
1100 322 1179 361 806
1216 320 1383 374 ζευχθεὶς
1413 321 1553 373 ἕτοιμος
1582 319 1626 374 ἦν
1656 322 1735 374 ἐμοὶ
1767 323 1982 375 σειραφόρος
2011 323 2130 372 (conf.
2163 323 2264 361 1611
2297 323 2353 370 Κ)
2383 337 2459 361 una

264 392 511 426 memoratur
546 393 588 426 et
625 387 707 438 iugi
744 393 785 426 et
821 387 923 427 funis
960 388 1203 426 communio.
1272 387 1413 438 Itaque
1449 386 1663 436 ὃεξιόσειρον
1700 401 1792 427 cum
1832 387 2062 440 Sophocles¹
2091 388 2263 427 Martem
2298 387 2458 433 dixerit,

264 451 419 490 nonnisi
448 463 565 490 ecum
595 452 866 490 dexteriorem
896 452 1017 501 deum
1046 452 1265 503 appellauit
1293 464 1422 502 neque
1452 464 1581 491 rerum
1611 453 1846 492 circensium
1876 466 2025 504 gnarus
2052 453 2145 504 equi
2174 453 2461 503 praestantiam

264 515 517 566 significauit,
547 516 619 555 sed
648 516 882 566 religionem
911 516 1115 566 quandam
1135 517 1172 554 ni
1201 515 1317 555 fallor
1335 517 1645 556 uetustissimam
1676 525 1845 556 testatus
1864 524 1936 564 est,
1964 532 2048 568 qua
2066 517 2211 556 imbuti
2232 517 2462 555 dexteriora

265 581 424 635 potiora
451 593 539 620 esse
565 580 872 620 sinisterioribus
906 580 1126 634 ducebant:
1166 593 1270 631 quae
1307 581 1358 620 de
1396 582 1611 621 tonitruum
1650 583 1782 622 auium
1821 583 1972 633 pedum
2008 581 2287 625 dexteriorum
2324 580 2463 621 faustis

265 646 466 684 ominibus
494 647 604 697 apud
632 652 787 684 ueteres
815 646 1032 697 scriptores
1059 646 1208 684 tradita
1235 653 1327 684 sunt
1354 659 1401 685 ea
1429 648 1614 686 omnibus
1643 655 1737 686 nota
1765 661 1852 686 esse
1881 649 2036 699 opinor.
2083 648 2241 686 Eadem
2270 647 2462 697 religione

264 711 374 751 ducti
404 718 445 750 et
474 711 513 750 in
541 711 723 750 curribus
752 725 868 751 ecum
897 711 1168 751 dexteriorem
1199 711 1349 750 maiore
1377 711 1528 751 honore
1557 712 1750 752 adfecisse
1780 713 1965 752 uidentur
1992 707 2149 752 ueteres
2176 711 2293 751 sicuti
2322 724 2460 751 eorum

263 789 365 827 quos
407 777 626 815 honorifice
664 778 922 816 deducebant
956 777 1060 815 latus
1098 777 1298 815 sinistrum
1342 777 1544 826 tegebant,
1585 784 1628 815 ut
1670 779 1918 816 dexteriores
1956 778 2011 816 illi
2054 778 2324 816 ambularent:
2370 789 2461 815 nam

265 841 424 881 Actiaco
460 842 662 893 triumpho
690 841 876 881 Tiberius
905 856 1071 881 currum
1109 841 1287 892 Augusti
1320 842 1526 881 comitatus
1564 850 1623 881 cst
1648 843 1896 881 sinisteriore
1921 844 2068 893 funali
2099 857 2194 894 equo
2228 857 2316 882 cum
2345 841 2462 881 „Mar-

264 907 384 946 cellus
417 906 606 947 Octauiae
620 908 739 959 filius
767 908 995 947 dexteriore
1023 907 1239 946 uelleretur
1258 906 1439 957 (Sueton.
1463 907 1554 946 Tib.
1576 907 1629 956 6).
1676 906 1800 958 Quod
1830 909 1954 947 modo
1982 909 2151 959 exposui
2181 909 2233 947 de
2261 907 2463 959 capitibus
2490 942 2496 947 .

265 972 457 1022 iugalium
495 973 696 1011 conuersis
732 972 922 1011 funalium
961 973 1128 1012 diuersis
1164 986 1217 1011 ex
1255 973 1350 1011 artis
1388 973 1657 1012 monumentis
1693 973 1788 1011 satis
1825 973 2010 1011 omnibus
2038 980 2189 1020 notum,
2220 973 2300 1012 iam
2329 973 2461 1011 obser-

266 1049 379 1075 uasse
415 1043 515 1087 puto
550 1038 656 1075 uiros
693 1038 837 1076 doctos
875 1051 954 1076 non
991 1051 1041 1076 eo
1078 1051 1160 1088 quo
1197 1037 1327 1075 solent
1366 1037 1506 1076 ordine
1540 1050 1666 1087 equos
1703 1038 1925 1087 quadrigae
1963 1036 2065 1074 illius
2102 1037 2384 1076 celeberrimae
2423 1038 2462 1075 in

265 1102 435 1139 ecclesia
465 1101 601 1140 Sancti
631 1103 756 1140 Marci
785 1104 893 1151 apud
922 1102 1104 1141 Venetos
1131 1116 1219 1141 esse
1247 1103 1478 1141 collocatos.
1535 1103 1676 1152 Itaque
1714 1115 1792 1140 non
1829 1115 1945 1140 ecum
1986 1101 2211 1151 Sophocles
2239 1102 2462 1140 Gradiuum

264 1164 675 1216 patremappellauit
711 1166 782 1204 sed
819 1178 934 1205 ecum
970 1166 1230 1218 praeclarum,
1269 1179 1386 1205 ecum
1423 1166 1598 1206 nobilem
1639 1167 1765 1205 immo
1794 1165 2085 1204 nobilissimum
2116 1166 2307 1212 omnium,
2347 1166 2462 1204 sicuti

266 1230 451 1268 mulieres
488 1231 578 1268 illae
614 1231 721 1280 apud
752 1231 873 1269 Eleos
910 1231 1114 1270 Bacchum
1153 1244 1232 1270 non
1270 1238 1427 1270 taurum
1466 1233 1537 1270 sed
1568 1238 1726 1270 taurum
1757 1232 1926 1281 dignum
1956 1231 2235 1281 indigitabant.
2295 1229 2464 1269 Constat

266 1308 362 1333 uero
390 1295 478 1345 ipsa
505 1295 572 1333 illa
601 1295 787 1333 animalia
815 1308 916 1345 quae
945 1297 1109 1334 deorum
1140 1298 1358 1335 dearumue
1386 1309 1499 1335 sacra
1528 1302 1641 1334 erant
1669 1296 1867 1334 sacrificio
1894 1296 2013 1334 solita
2036 1309 2124 1334 esse
2143 1295 2275 1334 offerri
2306 1295 2463 1333 immor-

265 1359 429 1399 talibus:
461 1364 502 1399 et
530 1359 751 1398 uocabatur
778 1359 900 1399 Liber
928 1366 1042 1411 pater
1068 1356 1144 1406 ἄξιε
1171 1363 1281 1414 ταῦρε
1310 1362 1418 1413 apud
1449 1360 1572 1401 Eleos
1600 1367 1640 1400 et
1679 1360 1892 1400 laudantur
1920 1373 1945 1400 a
1972 1360 2127 1412 populo
2154 1359 2462 1400 Atheniensium

265 1425 412 1475 ephebi
441 1426 481 1463 in
509 1425 743 1475 plebisscito
772 1424 868 1463 CIA
898 1425 937 1462 II
965 1425 1054 1472 471,
1088 1426 1135 1465 13
1171 1423 1225 1464 ὅτι
1253 1456 1261 1464 .
1290 1455 1298 1463 .
1327 1455 1335 1464 .
1366 1426 1531 1478 ἔπεμψαν
1566 1428 1637 1469 τοῖς
1666 1425 1864 1469 Διονυσίοις
1899 1429 2030 1477 ταῦρον
2065 1423 2163 1470 ἄξιον
2199 1428 2264 1464 τοῦ
2300 1427 2389 1463 θεοῦ
2423 1422 2464 1462 ὃν

266 1487 327 1528 καὶ
357 1488 492 1529 ἔθυσαν
520 1490 557 1529 ἐν
585 1492 637 1542 τῷ
670 1489 757 1542 ἱερῷ
789 1492 834 1542 τῇ
870 1493 1006 1542 πομπῇ.
1077 1490 1216 1541 Equos
1254 1492 1292 1530 in
1330 1490 1577 1531 Graecorum
1617 1491 1822 1530 sacrificiis
1859 1491 1978 1533 Marti
2019 1491 2179 1530 oblatos
2216 1504 2315 1537 esse,
2353 1492 2463 1541 quod

266 1555 460 1593 sollemne
488 1560 575 1593 erat
602 1555 711 1606 apud
740 1555 947 1593 Romanos
975 1555 1210 1594 sacrificium
1241 1556 1354 1606 (conf.
1387 1555 1533 1594 Paulus
1563 1556 1672 1595 Festi
1702 1569 1740 1607 p.
1773 1555 1840 1605 81)
1870 1567 1973 1593 nunc
2012 1555 2253 1594 testimoniis
2282 1561 2462 1594 ueterum

266 1621 432 1671 prolatis
460 1621 634 1671 probare
662 1633 838 1672 nequeo:
870 1627 1004 1660 tamen
1027 1635 1108 1673 quo
1135 1623 1279 1661 rectius
1308 1622 1415 1661 illarn
1436 1621 1648 1674 δεξιόσειρος
1679 1635 1821 1661 uocem
1851 1622 2072 1673 intellegas,
2103 1622 2203 1660 illud
2233 1622 2463 1660 consideres

265 1686 385 1724 uelim
415 1686 526 1737 quod
555 1685 689 1724 Varro
717 1686 827 1737 apud
856 1686 1021 1725 Festum
1049 1699 1087 1737 p.
1122 1686 1195 1725 178
1224 1693 1264 1725 et
1292 1688 1399 1737 apud
1429 1687 1685 1726 Plutarchum
1716 1686 1881 1737 Quaest.
1914 1687 2032 1725 Rom.
2064 1686 2115 1725 97
2145 1687 2364 1737 quaesiuit:
2400 1686 2460 1725 διὰ

265 1749 298 1789 τί
325 1751 397 1795 τοῖς
430 1749 699 1804 [Ὀκτω]βρίαις
738 1751 845 1795 εἰδοῖς
881 1749 1116 1804 ἱπποδρομίας
1151 1751 1340 1804 γενομένης
1369 1750 1388 1790 ὁ
1417 1750 1572 1803 νικήσας
1599 1751 1711 1797 ὄέξιος
1747 1751 1841 1804 ἱερὸς
1859 1750 1890 1800 2)
1919 1746 2018 1803 Ἄρει
2055 1749 2183 1790 θύεται
2212 1748 2273 1789 καὶ
2302 1750 2367 1804 τὴν
2396 1750 2462 1802 μὲν

265 1814 376 1870 οὐρὰν
405 1814 596 1870 ἀποκόψας
623 1831 675 1862 τις
704 1814 762 1856 ἐπὶ
791 1816 855 1868 τήν
878 1815 1071 1870 Ῥήγειναν
1099 1816 1321 1870 καλουμένην
1349 1815 1488 1869 κομίζει
1516 1814 1577 1857 καὶ
1607 1816 1666 1857 τὸν
1694 1817 1818 1870 βωμὸν
1838 1815 2021 1873 αἱμάσσει,
2050 1813 2131 1869 περὶ
2152 1814 2194 1856 δὲ
2213 1817 2277 1861 τῗς
2296 1819 2462 1870 κεφαλῆς

265 1881 299 1920 οἱ
329 1881 393 1934 μὲν
423 1880 495 1920 ἀπὸ
524 1885 587 1933 τῆς
616 1882 715 1934 ἱερᾶς
743 1880 831 1921 ὁδοῦ
859 1881 1064 1934 λεγομένης,
1093 1881 1126 1920 οἱ
1155 1881 1195 1919 δὲ
1224 1881 1295 1920 ἀπὸ
1324 1885 1385 1933 τῆς
1404 1882 1579 1934 Σιβοόρης
1601 1877 1829 1934 ’καταβάντες
1849 1881 2112 1935 ὃιαμάχονταις
2142 1881 2264 1920 Vnde
2292 1889 2462 1932 apparet

266 1947 407 1986 Martis
435 1945 652 2000 ὃεξιοσείρου
682 1948 915 1998 religionem
945 1948 1251 1986 uetustissimam
1280 1947 1397 1985 fuisse
1416 1954 1457 1986 et
1484 1949 1592 1998 apud
1615 1946 1794 1986 Graecos
1822 1954 1863 1985 et
1891 1947 2001 1997 apud
2030 1946 2153 1985 Italos
2173 1959 2302 1997 neque
2323 1960 2465 1985 causas

266 2024 339 2049 nos
368 2012 571 2062 religionis
599 2013 712 2051 istius
741 2012 807 2050 illa
835 2025 914 2062 qua
933 2011 1065 2049 Varro
1093 2011 1185 2049 fecit
1212 2012 1363 2050 ratione
1390 2025 1627 2063 quaeremus
1647 2013 1824 2050 contenti
1856 2012 2061 2060 religionis
2090 2011 2213 2061 ipsius
2232 2012 2466 2061 cognitione

265 2081 307 2116 et
334 2076 488 2116 ratione
516 2082 760 2128 recuperata.

459 2142 525 2180 ΙΙΙ.
581 2142 803 2193 Tarquinio
846 2141 1031 2192 Superbo
1073 2147 1262 2191 regnante
1310 2154 1401 2178 cum
1444 2142 1484 2178 in
1526 2140 1729 2191 Capitolio
1776 2142 1829 2179 ad
1871 2142 2012 2192 templi
2055 2141 2163 2179 Iouis
2205 2141 2467 2180 fundamenta

268 2207 451 2246 iacienda
473 2208 604 2246 solum
628 2207 880 2253 effoderetur,
912 2207 1055 2245 mirum
1080 2206 1227 2245 factum
1252 2219 1337 2244 esse
1361 2206 1591 2256 prodigium
1615 2207 1653 2244 in
1678 2206 1887 2244 annalibus
1909 2206 2049 2256 populi
2074 2207 2248 2245 Romani
2274 2207 2465 2245 traditum

269 2272 362 2313 suit:
402 2272 606 2312 inuentum
635 2285 722 2312 esse
750 2277 873 2324 caput
901 2271 1118 2311 humanum
1156 2283 1312 2311 summa
1346 2283 1438 2310 cum
1467 2270 1743 2310 Romanorum
1773 2270 2083 2323 Tuscorumque
2120 2276 2162 2311 et
2200 2271 2468 2311 admiratione

269 2344 310 2378 et
330 2338 512 2378 horrore.
558 2337 682 2390 Quod
711 2343 834 2389 caput
860 2337 925 2376 alii
955 2336 1164 2389 perhibent
1193 2336 1309 2375 fuisse
1337 2336 1476 2375 litteris
1495 2336 1639 2375 Tuscis
1668 2336 1954 2388 conscriptum,
1984 2337 2051 2376 alii
2081 2337 2276 2388 sanguine
2296 2336 2466 2376 offusum

268 2410 310 2443 et
328 2417 469 2443 cruore
490 2405 747 2450 maculatum,
778 2410 869 2441 sunt
888 2403 1060 2453 denique
1079 2404 1145 2453 qui
1174 2402 1274 2440 facie
1303 2402 1456 2451 integra
1485 2402 1581 2439 illud
1610 2403 1843 2452 apparuisse
1871 2403 2051 2441 tradant:
2083 2403 2187 2441 cons.
2209 2403 2298 2441 Liu.
2321 2404 2339 2441 I
2357 2403 2422 2448 55,
2442 2404 2469 2441 ὅ

269 2470 439 2520 Dionys.
469 2471 591 2520 antiq.
622 2470 743 2508 Rom.
775 2468 833 2507 IV
861 2468 913 2507 59
943 2469 1049 2517 (Dio.
1071 2467 1189 2506 Cass.
1219 2466 1359 2516 fragm.
1393 2467 1454 2512 11,
1485 2467 1525 2514 8)
1555 2467 1693 2505 Isidor.
1723 2468 1823 2517 orig.
1855 2466 1934 2506 XV
1964 2468 2002 2514 2,
2033 2469 2107 2507 31:
2157 2469 2265 2507 unde
2302 2475 2472 2519 apparet

269 2534 488 2587 antiquitus
507 2534 603 2573 nihil
632 2534 826 2573 traditum
850 2532 969 2572 fuisse
988 2532 1060 2571 nisi
1080 2537 1200 2584 caput
1229 2531 1428 2570 inuentum
1450 2543 1536 2570 esse
1556 2543 1648 2570 cum
1669 2532 1719 2570 ad
1750 2532 1890 2584 templi
1921 2528 2240 2572 substructiones
2268 2532 2471 2573 faciendas

269 2607 416 2640 terram
458 2600 690 2646 effoderent,
732 2612 891 2638 summa
932 2611 1023 2637 cum
1060 2598 1282 2636 Tuscorum
1325 2596 1473 2634 inuidia
1515 2595 1628 2645 (Plin.
1661 2596 1846 2636 XXVIII
1877 2597 1942 2646 15)
1987 2599 2056 2648 qui
2095 2599 2249 2649 populo
2283 2599 2471 2637 Romano

268 2665 519 2716 praeclarum
548 2666 590 2703 id
625 2665 950 2715 fortunatumque
977 2675 1063 2702 esse
1091 2662 1373 2711 intellegerent.
1446 2659 1570 2710 Quod
1613 2663 1664 2699 de
1701 2662 1836 2712 capite
1878 2662 1948 2701 illo
1985 2663 2148 2702 annales
2177 2664 2470 2702 uetustissimae

271 2731 490 2769 memoriae
525 2731 786 2776 tradiderunt,
827 2731 867 2768 id
905 2735 1042 2780 aperte
1074 2741 1152 2766 non
1180 2733 1240 2765 est
1268 2725 1372 2777 λόγος
1400 2727 1471 2764 sed
1502 2727 1636 2778 μδθοςῑ
1676 2728 1824 2766 etenim
1864 2729 1968 2767 sicut
2006 2729 2125 2779 apud.
2154 2742 2294 2767 omnes
2328 2735 2469 2779 gentes

270 2796 326 2835 ita
354 2796 463 2847 apud
492 2795 701 2835 Romanos
728 2794 835 2834 facta
864 2794 1058 2834 maiorum
1088 2792 1198 2832 initio
1227 2790 1370 2830 fabulis
1397 2791 1568 2841 posteris
1595 2792 1870 2840 tradebantur,
1901 2799 2046 2844 postea
2078 2793 2251 2833 historiis
2288 2793 2469 2844 uerisque

270 2873 401 2900 rerum
445 2866 650 2913 gestarum
693 2859 993 2899 narrationibus.
1066 2856 1199 2909 Quam
1240 2855 1415 2894 fabulam
1458 2868 1634 2907 quonam
1677 2864 1801 2909 pacto
1853 2858 2103 2910 interpretari
2145 2865 2186 2897 et
2239 2858 2468 2909 intellegere

466 2991 492 3032 ¹)
517 2992 764 3036 συνεζευγμένος
793 2993 893 3023 schol.
941 2991 1144 3030 Comparatio
1175 2990 1282 3029 inepta
1313 2989 1372 3019 nisi
1403 2989 1442 3019 de
1473 2989 1549 3027 biga
1578 2991 1700 3029 cogitat
1731 2997 1838 3031 poeta.
1887 2993 1984 3031 Quod
2023 3003 2081 3022 nos
2118 2992 2251 3023 dicimus
2278 2993 2466 3030 Zugstrang,

270 3046 338 3079 eius
361 3046 404 3079 rei
429 3056 469 3078 ne
492 3046 688 3080 uocabulum
711 3045 840 3090 quidem
871 3045 931 3077 fuit
960 3044 1046 3088 apud
1075 3043 1233 3087 antiquos.
1288 3041 1370 3072 Pou.
1396 3041 1412 3071 I
1436 3042 1496 3077 141
1525 3040 1554 3074 οἱ
1586 3042 1642 3089 μὲν
1669 3040 1730 3078 ὑπὸ
1754 3045 1801 3091 τῷ
1821 3044 1904 3091 ζυγῷ
1924 3042 2033 3091 ζόγιοι,
2059 3043 2087 3078 οἱ
2111 3043 2145 3078 δὲ
2169 3043 2371 3092 ἑκατέρωθεν
2397 3068 2404 3076 .
2430 3068 2436 3076 .
2462 3067 2468 3076 .

270 3107 404 3146 σειραῖοι
425 3104 480 3134 καὶ
503 3103 535 3134 αἱ
558 3101 682 3134 τούτων
705 3101 793 3145 ἡνίαι
816 3103 917 3144 σειραὶ
939 3102 993 3131 καὶ
1015 3100 1197 3143 παρηορίαι.
1240 3100 1373 3136 Dionys.
1397 3100 1505 3127 Halic.
1528 3106 1596 3128 ant.
1620 3102 1714 3129 Rom.
1730 3103 1790 3130 VII
1814 3104 1856 3134 73
1880 3105 2018 3143 σειραῖος
2047 3101 2143 3134 ἵππος
2175 3102 2305 3143 ῥυτῆρσι
2340 3100 2468 3143 „fild-

270 3170 367 3202 μενος
389 3154 556 3200 (Aponon.
582 3156 689 3190 Rhod.
716 3157 763 3189 111
786 3153 896 3198 1237).
944 3153 1038 3188 Conf.
1064 3148 1265 3200 σειραγωγός.

464 3209 490 3253 ²)
513 3213 612 3242 Recte
634 3211 749 3242 tradita
771 3214 925 3251 temptare
947 3209 1032 3239 noli:
1056 3208 1204 3237 nimirum
1223 3217 1240 3236 e
1261 3216 1340 3237 uoce
1359 3208 1560 3238 antecedenti
1584 3208 1801 3254 ἱπποδρομίας
1824 3210 1904 3240 illud
1926 3208 2022 3245 ἵππος
2046 3209 2132 3249 quod
2155 3209 2350 3238 desideratur
2374 3208 2468 3237 facile

270 3269 430 3307 suppleas.
477 3269 633 3307 Rigor-um
655 3269 828 3298 uictricium
854 3267 1008 3296 dexterior
1030 3266 1140 3294 Festus
1163 3265 1186 3294 l.
1212 3276 1237 3293 s,
