<?xml version="1.0" encoding="UTF-8"?>
<!DOCTYPE html PUBLIC "-//W3C//DTD XHTML 1.0 Transitional//EN"
    "http://www.w3.org/TR/xhtml1/DTD/xhtml1-transitional.dtd">
<html xmlns="http://www.w3.org/1999/xhtml" xml:lang="en" lang="en">
 <head>
  <title>
</title>
<meta http-equiv="Content-Type" content="text/html;charset=utf-8" />
  <meta name='ocr-system' content='tesseract 3.04.00' />
  <meta name='ocr-capabilities' content='ocr_page ocr_carea ocr_par ocr_line ocrx_word'/>
</head>
<body>
  <div class='ocr_page' id='page_1' title='image "4771387_0015.png"; bbox 0 0 2720 3743; ppageno 0'>
   <div class='ocr_carea' id='block_1_1' title="bbox 2429 177 2455 220">
    <p class='ocr_par' dir='ltr' id='par_1_1' title="bbox 2429 177 2455 220">
     <span class='ocr_line' id='line_1_1' title="bbox 2429 177 2455 220; baseline 0 0"><span class='ocrx_word' id='word_1_1' title='bbox 2429 177 2455 220; x_wconf 83' lang='lat'>9</span> 
     </span>
    </p>
   </div>
   <div class='ocr_carea' id='block_1_2' title="bbox 260 308 2468 3156">
    <p class='ocr_par' dir='ltr' id='par_1_2' title="bbox 260 308 2458 688">
     <span class='ocr_line' id='line_1_2' title="bbox 260 308 2457 364; baseline -0.002 -9"><span class='ocrx_word' id='word_1_2' title='bbox 260 313 309 355; x_wconf 88' lang='grc' dir='ltr'>Ε.</span> <span class='ocrx_word' id='word_1_3' title='bbox 340 312 630 355; x_wconf 73' lang='lat' dir='ltr'>Foexstemann</span> <span class='ocrx_word' id='word_1_4' title='bbox 658 312 724 354; x_wconf 91' lang='lat' dir='ltr'>die</span> <span class='ocrx_word' id='word_1_5' title='bbox 761 312 981 355; x_wconf 84' lang='lat' dir='ltr'>deutschen</span> <span class='ocrx_word' id='word_1_6' title='bbox 1009 311 1253 354; x_wconf 89' lang='lat' dir='ltr'>Ortsnamen</span> <span class='ocrx_word' id='word_1_7' title='bbox 1281 311 1547 353; x_wconf 89' lang='lat' dir='ltr'>Nordhausen</span> <span class='ocrx_word' id='word_1_8' title='bbox 1581 309 1683 353; x_wconf 88' lang='lat'>1863</span> <span class='ocrx_word' id='word_1_9' title='bbox 1713 325 1751 364; x_wconf 91' lang='lat' dir='ltr'>p.</span> <span class='ocrx_word' id='word_1_10' title='bbox 1783 309 1836 352; x_wconf 81' lang='lat'>36</span> <span class='ocrx_word' id='word_1_11' title='bbox 1863 318 1905 350; x_wconf 93' lang='lat' dir='ltr'>et</span> <span class='ocrx_word' id='word_1_12' title='bbox 1932 323 2025 350; x_wconf 92' lang='lat' dir='ltr'>cum</span> <span class='ocrx_word' id='word_1_13' title='bbox 2056 308 2223 351; x_wconf 86' lang='lat' dir='ltr'>Genesis</span> <span class='ocrx_word' id='word_1_14' title='bbox 2260 312 2329 350; x_wconf 92' lang='lat' dir='ltr'>illo</span> <span class='ocrx_word' id='word_1_15' title='bbox 2365 312 2457 350; x_wconf 92' lang='lat' dir='ltr'>loco</span> 
     </span>
     <span class='ocr_line' id='line_1_3' title="bbox 261 370 2458 433; baseline -0.003 -13"><span class='ocrx_word' id='word_1_16' title='bbox 261 382 372 432; x_wconf 91' lang='lat' dir='ltr'>quod</span> <span class='ocrx_word' id='word_1_17' title='bbox 400 372 523 433; x_wconf 80' lang='lat' dir='ltr'>hodie</span> <span class='ocrx_word' id='word_1_18' title='bbox 540 381 695 420; x_wconf 56' lang='lat' dir='ltr'>‘dicitur</span> <span class='ocrx_word' id='word_1_19' title='bbox 723 381 936 430; x_wconf 64' lang='lat' dir='ltr'>Danztgrer</span> <span class='ocrx_word' id='word_1_20' title='bbox 962 380 1107 430; x_wconf 86' lang='lat' dir='ltr'><em>Haupt</em></span> <span class='ocrx_word' id='word_1_21' title='bbox 1130 380 1315 419; x_wconf 90' lang='lat' dir='ltr'>Vistulae</span> <span class='ocrx_word' id='word_1_22' title='bbox 1342 370 1550 418; x_wconf 81' lang='lat' dir='ltr'>bifurcum.</span> <span class='ocrx_word' id='word_1_23' title='bbox 1609 379 1665 417; x_wconf 93' lang='lat' dir='ltr'>Et</span> <span class='ocrx_word' id='word_1_24' title='bbox 1702 379 1742 416; x_wconf 88' lang='lat' dir='ltr'>in</span> <span class='ocrx_word' id='word_1_25' title='bbox 1778 377 1951 427; x_wconf 86' lang='lat' dir='ltr'>gemmis</span> <span class='ocrx_word' id='word_1_26' title='bbox 1988 383 2029 415; x_wconf 91' lang='lat' dir='ltr'>et</span> <span class='ocrx_word' id='word_1_27' title='bbox 2066 378 2106 415; x_wconf 90' lang='lat' dir='ltr'>in</span> <span class='ocrx_word' id='word_1_28' title='bbox 2142 377 2383 427; x_wconf 86' lang='lat' dir='ltr'>anaglyphis</span> <span class='ocrx_word' id='word_1_29' title='bbox 2417 383 2458 414; x_wconf 89' lang='lat' dir='ltr'>et</span> 
     </span>
     <span class='ocr_line' id='line_1_4' title="bbox 263 439 2457 496; baseline -0.003 -12"><span class='ocrx_word' id='word_1_30' title='bbox 263 445 407 485; x_wconf 89' lang='lat' dir='ltr'>fluuius</span> <span class='ocrx_word' id='word_1_31' title='bbox 434 450 476 484; x_wconf 92' lang='lat' dir='ltr'>et</span> <span class='ocrx_word' id='word_1_32' title='bbox 503 444 591 484; x_wconf 86' lang='lat' dir='ltr'>sons</span> <span class='ocrx_word' id='word_1_33' title='bbox 619 457 642 483; x_wconf 90' lang='lat' dir='ltr'>e</span> <span class='ocrx_word' id='word_1_34' title='bbox 670 451 774 484; x_wconf 82' lang='lat' dir='ltr'>terra</span> <span class='ocrx_word' id='word_1_35' title='bbox 801 457 1065 496; x_wconf 85' lang='lat' dir='ltr'>prorumpens</span> <span class='ocrx_word' id='word_1_36' title='bbox 1092 444 1225 495; x_wconf 90' lang='lat' dir='ltr'>capite</span> <span class='ocrx_word' id='word_1_37' title='bbox 1253 443 1519 494; x_wconf 86' lang='lat' dir='ltr'>significatur:</span> <span class='ocrx_word' id='word_1_38' title='bbox 1559 443 1652 482; x_wconf 91' lang='lat' dir='ltr'>uide</span> <span class='ocrx_word' id='word_1_39' title='bbox 1687 447 1847 492; x_wconf 90' lang='lat' dir='ltr'>praeter</span> <span class='ocrx_word' id='word_1_40' title='bbox 1883 453 1953 479; x_wconf 87' lang='lat' dir='ltr'>eas</span> <span class='ocrx_word' id='word_1_41' title='bbox 1987 454 2087 492; x_wconf 85' lang='lat' dir='ltr'>quas</span> <span class='ocrx_word' id='word_1_42' title='bbox 2115 439 2218 480; x_wconf 89' lang='lat' dir='ltr'>Otto</span> <span class='ocrx_word' id='word_1_43' title='bbox 2246 440 2344 479; x_wconf 88' lang='lat' dir='ltr'>Iahn</span> <span class='ocrx_word' id='word_1_44' title='bbox 2372 440 2396 478; x_wconf 91' lang='lat' dir='ltr'>l.</span> <span class='ocrx_word' id='word_1_45' title='bbox 2426 453 2457 478; x_wconf 92' lang='lat' dir='ltr'>s.</span> 
     </span>
     <span class='ocr_line' id='line_1_5' title="bbox 262 505 2457 560; baseline -0.003 -11"><span class='ocrx_word' id='word_1_46' title='bbox 262 510 342 550; x_wconf 85' lang='lat' dir='ltr'>tab.</span> <span class='ocrx_word' id='word_1_47' title='bbox 365 508 433 550; x_wconf 88' lang='grc' dir='ltr'><strong>ΙΙΙ.</strong></span> <span class='ocrx_word' id='word_1_48' title='bbox 457 509 512 549; x_wconf 91' lang='lat' dir='ltr'>IV</span> <span class='ocrx_word' id='word_1_49' title='bbox 540 508 799 549; x_wconf 84' lang='lat' dir='ltr'>delineandas</span> <span class='ocrx_word' id='word_1_50' title='bbox 825 509 981 549; x_wconf 92' lang='lat' dir='ltr'>curauit</span> <span class='ocrx_word' id='word_1_51' title='bbox 1009 521 1260 560; x_wconf 89' lang='lat' dir='ltr'>gemmarum</span> <span class='ocrx_word' id='word_1_52' title='bbox 1289 508 1442 559; x_wconf 83' lang='lat' dir='ltr'>effigies</span> <span class='ocrx_word' id='word_1_53' title='bbox 1470 508 1578 547; x_wconf 91' lang='lat' dir='ltr'>fluuii</span> <span class='ocrx_word' id='word_1_54' title='bbox 1609 508 1712 547; x_wconf 83' lang='lat' dir='ltr'>illius</span> <span class='ocrx_word' id='word_1_55' title='bbox 1740 511 1864 558; x_wconf 90' lang='lat' dir='ltr'>caput</span> <span class='ocrx_word' id='word_1_56' title='bbox 1892 506 2050 545; x_wconf 90' lang='lat' dir='ltr'>taurino</span> <span class='ocrx_word' id='word_1_57' title='bbox 2078 506 2189 545; x_wconf 91' lang='lat' dir='ltr'>uultu</span> <span class='ocrx_word' id='word_1_58' title='bbox 2218 505 2457 557; x_wconf 88' lang='lat' dir='ltr'>praeditum,</span> 
     </span>
     <span class='ocr_line' id='line_1_6' title="bbox 262 570 2456 624; baseline -0.002 -12"><span class='ocrx_word' id='word_1_59' title='bbox 262 575 372 624; x_wconf 89' lang='lat' dir='ltr'>quod</span> <span class='ocrx_word' id='word_1_60' title='bbox 409 575 448 612; x_wconf 90' lang='lat' dir='ltr'>in</span> <span class='ocrx_word' id='word_1_61' title='bbox 477 574 718 624; x_wconf 85' lang='lat' dir='ltr'>anaglyphis</span> <span class='ocrx_word' id='word_1_62' title='bbox 743 573 984 611; x_wconf 86' lang='lat' dir='ltr'>Mercurium</span> <span class='ocrx_word' id='word_1_63' title='bbox 1014 572 1164 611; x_wconf 91' lang='lat' dir='ltr'>Panem</span> <span class='ocrx_word' id='word_1_64' title='bbox 1192 572 1406 622; x_wconf 89' lang='lat' dir='ltr'>Nymphas</span> <span class='ocrx_word' id='word_1_65' title='bbox 1433 572 1717 610; x_wconf 87' lang='lat' dir='ltr'>exhibentibus</span> <span class='ocrx_word' id='word_1_66' title='bbox 1745 571 1992 621; x_wconf 85' lang='lat' dir='ltr'>conspicitur</span> <span class='ocrx_word' id='word_1_67' title='bbox 2021 570 2164 620; x_wconf 89' lang='lat' dir='ltr'>(annal.</span> <span class='ocrx_word' id='word_1_68' title='bbox 2187 570 2307 608; x_wconf 87' lang='lat' dir='ltr'>instit.</span> <span class='ocrx_word' id='word_1_69' title='bbox 2338 570 2456 608; x_wconf 91' lang='lat' dir='ltr'>Rom.</span> 
     </span>
     <span class='ocr_line' id='line_1_7' title="bbox 266 638 569 688; baseline -0.003 -10"><span class='ocrx_word' id='word_1_70' title='bbox 266 638 369 678; x_wconf 82' lang='grc'>1863</span> <span class='ocrx_word' id='word_1_71' title='bbox 397 638 480 679; x_wconf 92' lang='lat' dir='ltr'>tab.</span> <span class='ocrx_word' id='word_1_72' title='bbox 509 638 569 688; x_wconf 91' lang='lat' dir='ltr'>L).</span> 
     </span>
    </p>

    <p class='ocr_par' dir='ltr' id='par_1_3' title="bbox 263 699 2463 1338">
     <span class='ocr_line' id='line_1_8' title="bbox 454 699 2458 754; baseline -0.002 -11"><span class='ocrx_word' id='word_1_73' title='bbox 454 702 624 742; x_wconf 88' lang='lat' dir='ltr'>Etiamsi</span> <span class='ocrx_word' id='word_1_74' title='bbox 667 716 808 743; x_wconf 90' lang='lat' dir='ltr'>uereor</span> <span class='ocrx_word' id='word_1_75' title='bbox 849 716 898 742; x_wconf 93' lang='lat' dir='ltr'>ne</span> <span class='ocrx_word' id='word_1_76' title='bbox 942 701 1030 754; x_wconf 90' lang='lat' dir='ltr'>quis</span> <span class='ocrx_word' id='word_1_77' title='bbox 1079 714 1144 741; x_wconf 91' lang='lat' dir='ltr'>me</span> <span class='ocrx_word' id='word_1_78' title='bbox 1185 701 1303 741; x_wconf 86' lang='lat' dir='ltr'>ualde</span> <span class='ocrx_word' id='word_1_79' title='bbox 1347 701 1586 741; x_wconf 87' lang='lat' dir='ltr'>audaculum</span> <span class='ocrx_word' id='word_1_80' title='bbox 1631 702 1740 741; x_wconf 86' lang='lat' dir='ltr'>dicat</span> <span class='ocrx_word' id='word_1_81' title='bbox 1786 707 1828 741; x_wconf 90' lang='lat' dir='ltr'>et</span> <span class='ocrx_word' id='word_1_82' title='bbox 1873 699 2090 748; x_wconf 88' lang='lat' dir='ltr'>hariolum&#39;,</span> <span class='ocrx_word' id='word_1_83' title='bbox 2135 706 2273 739; x_wconf 88' lang='lat' dir='ltr'>tamen</span> <span class='ocrx_word' id='word_1_84' title='bbox 2315 699 2458 738; x_wconf 87' lang='lat' dir='ltr'>eadem</span> 
     </span>
     <span class='ocr_line' id='line_1_9' title="bbox 264 764 2460 819; baseline -0.002 -11"><span class='ocrx_word' id='word_1_85' title='bbox 264 770 417 808; x_wconf 87' lang='lat' dir='ltr'>ratione</span> <span class='ocrx_word' id='word_1_86' title='bbox 445 769 543 807; x_wconf 89' lang='lat' dir='ltr'>illud</span> <span class='ocrx_word' id='word_1_87' title='bbox 572 769 803 819; x_wconf 90' lang='lat' dir='ltr'>prodigium</span> <span class='ocrx_word' id='word_1_88' title='bbox 832 768 976 819; x_wconf 87' lang='lat' dir='ltr'>capitis</span> <span class='ocrx_word' id='word_1_89' title='bbox 1004 768 1045 806; x_wconf 91' lang='lat' dir='ltr'>in</span> <span class='ocrx_word' id='word_1_90' title='bbox 1073 767 1342 806; x_wconf 88' lang='lat' dir='ltr'>fundamentis</span> <span class='ocrx_word' id='word_1_91' title='bbox 1369 767 1508 817; x_wconf 89' lang='lat' dir='ltr'>templi</span> <span class='ocrx_word' id='word_1_92' title='bbox 1538 767 1643 805; x_wconf 90' lang='lat' dir='ltr'>Iovis</span> <span class='ocrx_word' id='word_1_93' title='bbox 1673 766 1889 817; x_wconf 86' lang='lat' dir='ltr'>Capitolini</span> <span class='ocrx_word' id='word_1_94' title='bbox 1919 765 2111 804; x_wconf 88' lang='lat' dir='ltr'>iaciendis</span> <span class='ocrx_word' id='word_1_95' title='bbox 2146 765 2297 803; x_wconf 85' lang='lat' dir='ltr'>inuenti</span> <span class='ocrx_word' id='word_1_96' title='bbox 2334 764 2460 815; x_wconf 91' lang='lat' dir='ltr'>expli—</span> 
     </span>
     <span class='ocr_line' id='line_1_10' title="bbox 263 830 2460 882; baseline -0.002 -10"><span class='ocrx_word' id='word_1_97' title='bbox 263 835 436 872; x_wconf 90' lang='lat' dir='ltr'>candum</span> <span class='ocrx_word' id='word_1_98' title='bbox 475 840 517 872; x_wconf 93' lang='lat' dir='ltr'>et</span> <span class='ocrx_word' id='word_1_99' title='bbox 554 833 867 882; x_wconf 89' lang='lat' dir='ltr'>intellegendum</span> <span class='ocrx_word' id='word_1_100' title='bbox 905 846 992 871; x_wconf 90' lang='lat' dir='ltr'>esse</span> <span class='ocrx_word' id='word_1_101' title='bbox 1029 845 1109 881; x_wconf 89' lang='lat' dir='ltr'>ego</span> <span class='ocrx_word' id='word_1_102' title='bbox 1146 832 1310 882; x_wconf 84' lang='lat' dir='ltr'>quidem</span> <span class='ocrx_word' id='word_1_103' title='bbox 1346 833 1565 870; x_wconf 87' lang='lat' dir='ltr'>statuerim.</span> <span class='ocrx_word' id='word_1_104' title='bbox 1637 832 1773 869; x_wconf 85' lang='lat' dir='ltr'>Nolite</span> <span class='ocrx_word' id='word_1_105' title='bbox 1814 832 1946 869; x_wconf 87' lang='lat' dir='ltr'>mirari</span> <span class='ocrx_word' id='word_1_106' title='bbox 1988 832 2099 880; x_wconf 91' lang='lat' dir='ltr'>quod</span> <span class='ocrx_word' id='word_1_107' title='bbox 2137 837 2253 868; x_wconf 87' lang='lat' dir='ltr'>tanto</span> <span class='ocrx_word' id='word_1_108' title='bbox 2295 830 2460 867; x_wconf 88' lang='lat' dir='ltr'>horrore</span> 
     </span>
     <span class='ocr_line' id='line_1_11' title="bbox 263 893 2460 950; baseline -0.002 -13"><span class='ocrx_word' id='word_1_109' title='bbox 263 903 455 950; x_wconf 89' lang='lat' dir='ltr'>tantaque</span> <span class='ocrx_word' id='word_1_110' title='bbox 492 897 756 937; x_wconf 89' lang='lat' dir='ltr'>admiratione</span> <span class='ocrx_word' id='word_1_111' title='bbox 793 903 833 936; x_wconf 88' lang='lat' dir='ltr'>et</span> <span class='ocrx_word' id='word_1_112' title='bbox 868 896 1061 948; x_wconf 88' lang='lat' dir='ltr'>religione</span> <span class='ocrx_word' id='word_1_113' title='bbox 1099 895 1281 935; x_wconf 90' lang='lat' dir='ltr'>homines</span> <span class='ocrx_word' id='word_1_114' title='bbox 1319 895 1531 947; x_wconf 91' lang='lat' dir='ltr'>lympham</span> <span class='ocrx_word' id='word_1_115' title='bbox 1567 909 1590 935; x_wconf 94' lang='lat' dir='ltr'>e</span> <span class='ocrx_word' id='word_1_116' title='bbox 1629 901 1733 935; x_wconf 89' lang='lat' dir='ltr'>terra</span> <span class='ocrx_word' id='word_1_117' title='bbox 1769 900 2095 946; x_wconf 90' lang='lat' dir='ltr'>prorumpentem</span> <span class='ocrx_word' id='word_1_118' title='bbox 2132 900 2227 934; x_wconf 91' lang='lat' dir='ltr'>tunc</span> <span class='ocrx_word' id='word_1_119' title='bbox 2265 893 2460 946; x_wconf 89' lang='lat' dir='ltr'>temporis</span> 
     </span>
     <span class='ocr_line' id='line_1_12' title="bbox 264 960 2460 1013; baseline -0.002 -12"><span class='ocrx_word' id='word_1_120' title='bbox 264 964 516 1013; x_wconf 85' lang='lat' dir='ltr'>exceperint:</span> <span class='ocrx_word' id='word_1_121' title='bbox 548 964 690 1002; x_wconf 83' lang='lat' dir='ltr'>merito</span> <span class='ocrx_word' id='word_1_122' title='bbox 718 963 823 1001; x_wconf 91' lang='lat' dir='ltr'>enim</span> <span class='ocrx_word' id='word_1_123' title='bbox 852 968 997 1013; x_wconf 88' lang='lat' dir='ltr'>poetae</span> <span class='ocrx_word' id='word_1_124' title='bbox 1026 968 1182 1000; x_wconf 88' lang='lat' dir='ltr'>ueteres</span> <span class='ocrx_word' id='word_1_125' title='bbox 1210 974 1358 1012; x_wconf 92' lang='lat' dir='ltr'>aquam</span> <span class='ocrx_word' id='word_1_126' title='bbox 1388 962 1586 1013; x_wconf 91' lang='lat' dir='ltr'>optimum</span> <span class='ocrx_word' id='word_1_127' title='bbox 1616 961 1796 999; x_wconf 90' lang='lat' dir='ltr'>omnium</span> <span class='ocrx_word' id='word_1_128' title='bbox 1825 961 2012 998; x_wconf 90' lang='lat' dir='ltr'>dixerunt</span> <span class='ocrx_word' id='word_1_129' title='bbox 2048 966 2089 998; x_wconf 92' lang='lat' dir='ltr'>et</span> <span class='ocrx_word' id='word_1_130' title='bbox 2124 972 2198 998; x_wconf 86' lang='lat' dir='ltr'>arx</span> <span class='ocrx_word' id='word_1_131' title='bbox 2232 966 2275 999; x_wconf 87' lang='lat' dir='ltr'>et</span> <span class='ocrx_word' id='word_1_132' title='bbox 2302 960 2460 998; x_wconf 89' lang='lat' dir='ltr'>Romae</span> 
     </span>
     <span class='ocr_line' id='line_1_13' title="bbox 264 1025 2458 1078; baseline -0.002 -10"><span class='ocrx_word' id='word_1_133' title='bbox 264 1034 305 1068; x_wconf 86' lang='lat' dir='ltr'>et</span> <span class='ocrx_word' id='word_1_134' title='bbox 332 1028 505 1067; x_wconf 87' lang='lat' dir='ltr'>Athenis</span> <span class='ocrx_word' id='word_1_135' title='bbox 542 1028 676 1067; x_wconf 90' lang='lat' dir='ltr'>stabat</span> <span class='ocrx_word' id='word_1_136' title='bbox 713 1029 753 1066; x_wconf 87' lang='lat' dir='ltr'>in</span> <span class='ocrx_word' id='word_1_137' title='bbox 788 1027 1096 1073; x_wconf 87' lang='lat' dir='ltr'>obsessionibus,</span> <span class='ocrx_word' id='word_1_138' title='bbox 1134 1027 1231 1065; x_wconf 92' lang='lat' dir='ltr'>dum</span> <span class='ocrx_word' id='word_1_139' title='bbox 1269 1040 1375 1077; x_wconf 88' lang='lat' dir='ltr'>aqua</span> <span class='ocrx_word' id='word_1_140' title='bbox 1409 1027 1714 1078; x_wconf 87' lang='lat' dir='ltr'>suppeditabat:</span> <span class='ocrx_word' id='word_1_141' title='bbox 1755 1039 1835 1077; x_wconf 90' lang='lat' dir='ltr'>qua</span> <span class='ocrx_word' id='word_1_142' title='bbox 1871 1025 2081 1064; x_wconf 86' lang='lat' dir='ltr'>deficiente</span> <span class='ocrx_word' id='word_1_143' title='bbox 2117 1026 2270 1075; x_wconf 89' lang='lat' dir='ltr'>periere</span> <span class='ocrx_word' id='word_1_144' title='bbox 2306 1026 2458 1064; x_wconf 86' lang='lat' dir='ltr'>obsessi</span> 
     </span>
     <span class='ocr_line' id='line_1_14' title="bbox 265 1090 2460 1144; baseline -0.001 -13"><span class='ocrx_word' id='word_1_145' title='bbox 265 1092 458 1144; x_wconf 87' lang='lat' dir='ltr'>(Appian.</span> <span class='ocrx_word' id='word_1_146' title='bbox 488 1093 578 1131; x_wconf 93' lang='lat' dir='ltr'>bell.</span> <span class='ocrx_word' id='word_1_147' title='bbox 606 1093 680 1131; x_wconf 89' lang='lat' dir='ltr'>eiu.</span> <span class='ocrx_word' id='word_1_148' title='bbox 712 1092 729 1130; x_wconf 94' lang='lat' dir='ltr'>I</span> <span class='ocrx_word' id='word_1_149' title='bbox 757 1092 809 1131; x_wconf 80' lang='lat'>32</span> <span class='ocrx_word' id='word_1_150' title='bbox 838 1092 939 1131; x_wconf 93' lang='lat' dir='ltr'>Plut.</span> <span class='ocrx_word' id='word_1_151' title='bbox 971 1091 1067 1131; x_wconf 89' lang='lat' dir='ltr'>Sull.</span> <span class='ocrx_word' id='word_1_152' title='bbox 1102 1090 1179 1141; x_wconf 91' lang='lat'>14).</span> <span class='ocrx_word' id='word_1_153' title='bbox 1245 1091 1423 1132; x_wconf 89' lang='lat' dir='ltr'>Accedit</span> <span class='ocrx_word' id='word_1_154' title='bbox 1450 1092 1561 1144; x_wconf 89' lang='lat' dir='ltr'>quod</span> <span class='ocrx_word' id='word_1_155' title='bbox 1591 1104 1716 1143; x_wconf 89' lang='lat' dir='ltr'>aquas</span> <span class='ocrx_word' id='word_1_156' title='bbox 1744 1103 1798 1130; x_wconf 89' lang='lat' dir='ltr'>ex</span> <span class='ocrx_word' id='word_1_157' title='bbox 1826 1090 1914 1129; x_wconf 91' lang='lat' dir='ltr'>solo</span> <span class='ocrx_word' id='word_1_158' title='bbox 1942 1095 2248 1141; x_wconf 86' lang='lat' dir='ltr'>prorumpentes</span> <span class='ocrx_word' id='word_1_159' title='bbox 2276 1090 2460 1140; x_wconf 90' lang='lat' dir='ltr'>religiose</span> 
     </span>
     <span class='ocr_line' id='line_1_15' title="bbox 265 1156 2458 1207; baseline -0.001 -12"><span class='ocrx_word' id='word_1_160' title='bbox 265 1158 555 1196; x_wconf 90' lang='lat' dir='ltr'>uenerabantur</span> <span class='ocrx_word' id='word_1_161' title='bbox 595 1158 785 1195; x_wconf 87' lang='lat' dir='ltr'>Romani:</span> <span class='ocrx_word' id='word_1_162' title='bbox 829 1157 930 1195; x_wconf 90' lang='lat' dir='ltr'>conf.</span> <span class='ocrx_word' id='word_1_163' title='bbox 964 1156 1102 1195; x_wconf 84' lang='lat' dir='ltr'>Senec.</span> <span class='ocrx_word' id='word_1_164' title='bbox 1133 1157 1248 1207; x_wconf 89' lang='lat' dir='ltr'>epist.</span> <span class='ocrx_word' id='word_1_165' title='bbox 1279 1157 1343 1203; x_wconf 87' lang='lat'>41,</span> <span class='ocrx_word' id='word_1_166' title='bbox 1375 1157 1417 1195; x_wconf 88' lang='lat'>3:</span> <span class='ocrx_word' id='word_1_167' title='bbox 1463 1157 1714 1207; x_wconf 66' lang='lat' dir='ltr'>Alagnorum</span> <span class='ocrx_word' id='word_1_168' title='bbox 1751 1156 1973 1207; x_wconf 82' lang='lat' dir='ltr'>flumimmz</span> <span class='ocrx_word' id='word_1_169' title='bbox 2024 1156 2155 1204; x_wconf 84' lang='lat' dir='ltr'>capita</span> <span class='ocrx_word' id='word_1_170' title='bbox 2204 1168 2458 1193; x_wconf 77' lang='lat' dir='ltr'>uenerantur.</span> 
     </span>
     <span class='ocr_line' id='line_1_16' title="bbox 265 1220 2463 1273; baseline -0.001 -12"><span class='ocrx_word' id='word_1_171' title='bbox 265 1221 406 1261; x_wconf 82' lang='lat' dir='ltr'>Subita</span> <span class='ocrx_word' id='word_1_172' title='bbox 429 1237 481 1261; x_wconf 81' lang='lat' dir='ltr'>ex</span> <span class='ocrx_word' id='word_1_173' title='bbox 503 1222 635 1261; x_wconf 83' lang='lat' dir='ltr'>abdito</span> <span class='ocrx_word' id='word_1_174' title='bbox 657 1223 765 1260; x_wconf 82' lang='lat' dir='ltr'>uasti</span> <span class='ocrx_word' id='word_1_175' title='bbox 785 1222 916 1260; x_wconf 82' lang='lat' dir='ltr'>amnis</span> <span class='ocrx_word' id='word_1_176' title='bbox 939 1222 1092 1271; x_wconf 81' lang='lat' dir='ltr'>eruptio</span> <span class='ocrx_word' id='word_1_177' title='bbox 1114 1236 1216 1260; x_wconf 82' lang='lat' dir='ltr'>aras</span> <span class='ocrx_word' id='word_1_178' title='bbox 1243 1222 1370 1260; x_wconf 81' lang='lat' dir='ltr'>leabet.</span> <span class='ocrx_word' id='word_1_179' title='bbox 1415 1221 1605 1261; x_wconf 83' lang='lat' dir='ltr'>Coluntur</span> <span class='ocrx_word' id='word_1_180' title='bbox 1628 1235 1830 1273; x_wconf 81' lang='lat' dir='ltr'>aquarum</span> <span class='ocrx_word' id='word_1_181' title='bbox 1860 1220 2069 1259; x_wconf 75' lang='lat' dir='ltr'>calentium</span> <span class='ocrx_word' id='word_1_182' title='bbox 2085 1221 2224 1270; x_wconf 80' lang='lat' dir='ltr'>sontes</span> <span class='ocrx_word' id='word_1_183' title='bbox 2252 1227 2292 1258; x_wconf 85' lang='lat' dir='ltr'>et</span> <span class='ocrx_word' id='word_1_184' title='bbox 2315 1226 2463 1269; x_wconf 80' lang='lat' dir='ltr'>stagna</span> 
     </span>
     <span class='ocr_line' id='line_1_17' title="bbox 265 1287 1656 1338; baseline 0 -12"><span class='ocrx_word' id='word_1_185' title='bbox 265 1287 462 1337; x_wconf 77' lang='lat' dir='ltr'>quaedam</span> <span class='ocrx_word' id='word_1_186' title='bbox 490 1288 558 1326; x_wconf 83' lang='lat' dir='ltr'>uel</span> <span class='ocrx_word' id='word_1_187' title='bbox 580 1287 755 1336; x_wconf 83' lang='lat' dir='ltr'>opacitas</span> <span class='ocrx_word' id='word_1_188' title='bbox 782 1288 850 1325; x_wconf 82' lang='lat' dir='ltr'>uel</span> <span class='ocrx_word' id='word_1_189' title='bbox 873 1287 1067 1325; x_wconf 82' lang='lat' dir='ltr'>immensa</span> <span class='ocrx_word' id='word_1_190' title='bbox 1095 1287 1258 1325; x_wconf 82' lang='lat' dir='ltr'>altitudo</span> <span class='ocrx_word' id='word_1_191' title='bbox 1284 1288 1470 1326; x_wconf 79' lang='lat' dir='ltr'>sacrauit</span> <span class='ocrx_word' id='word_1_192' title='bbox 1494 1300 1526 1326; x_wconf 89' lang='lat' dir='ltr'>e.</span> <span class='ocrx_word' id='word_1_193' title='bbox 1558 1301 1596 1338; x_wconf 94' lang='lat' dir='ltr'>q.</span> <span class='ocrx_word' id='word_1_194' title='bbox 1627 1300 1656 1326; x_wconf 83' lang='lat' dir='ltr'>S.</span> 
     </span>
    </p>

    <p class='ocr_par' dir='ltr' id='par_1_4' title="bbox 266 1349 2465 2312">
     <span class='ocr_line' id='line_1_18' title="bbox 459 1349 2462 1402; baseline -0 -13"><span class='ocrx_word' id='word_1_195' title='bbox 459 1351 631 1401; x_wconf 90' lang='lat' dir='ltr'>Reliqua</span> <span class='ocrx_word' id='word_1_196' title='bbox 665 1363 767 1400; x_wconf 90' lang='lat' dir='ltr'>quae</span> <span class='ocrx_word' id='word_1_197' title='bbox 802 1351 925 1400; x_wconf 89' lang='lat' dir='ltr'>digna</span> <span class='ocrx_word' id='word_1_198' title='bbox 959 1351 1036 1389; x_wconf 90' lang='lat' dir='ltr'>sint</span> <span class='ocrx_word' id='word_1_199' title='bbox 1073 1351 1124 1388; x_wconf 92' lang='lat' dir='ltr'>de</span> <span class='ocrx_word' id='word_1_200' title='bbox 1165 1351 1308 1400; x_wconf 92' lang='lat' dir='ltr'>quibus</span> <span class='ocrx_word' id='word_1_201' title='bbox 1335 1352 1388 1389; x_wconf 87' lang='lat' dir='ltr'>ad</span> <span class='ocrx_word' id='word_1_202' title='bbox 1418 1351 1761 1402; x_wconf 87' lang='lat' dir='ltr'>interpretandum</span> <span class='ocrx_word' id='word_1_203' title='bbox 1791 1349 2023 1401; x_wconf 90' lang='lat' dir='ltr'>prodigium</span> <span class='ocrx_word' id='word_1_204' title='bbox 2053 1350 2151 1388; x_wconf 92' lang='lat' dir='ltr'>illud</span> <span class='ocrx_word' id='word_1_205' title='bbox 2181 1350 2221 1388; x_wconf 88' lang='lat' dir='ltr'>in</span> <span class='ocrx_word' id='word_1_206' title='bbox 2249 1350 2462 1388; x_wconf 90' lang='lat' dir='ltr'>condenda</span> 
     </span>
     <span class='ocr_line' id='line_1_19' title="bbox 267 1414 2462 1466; baseline 0 -13"><span class='ocrx_word' id='word_1_207' title='bbox 267 1414 511 1465; x_wconf 87' lang='lat' dir='ltr'>Carthagine</span> <span class='ocrx_word' id='word_1_208' title='bbox 540 1415 689 1453; x_wconf 90' lang='lat' dir='ltr'>factum</span> <span class='ocrx_word' id='word_1_209' title='bbox 718 1415 795 1453; x_wconf 93' lang='lat' dir='ltr'>hoc</span> <span class='ocrx_word' id='word_1_210' title='bbox 825 1415 914 1453; x_wconf 89' lang='lat' dir='ltr'>loco</span> <span class='ocrx_word' id='word_1_211' title='bbox 943 1415 1167 1462; x_wconf 88' lang='lat' dir='ltr'>disseratur,</span> <span class='ocrx_word' id='word_1_212' title='bbox 1197 1416 1318 1454; x_wconf 92' lang='lat' dir='ltr'>ueluti</span> <span class='ocrx_word' id='word_1_213' title='bbox 1348 1417 1400 1454; x_wconf 93' lang='lat' dir='ltr'>de</span> <span class='ocrx_word' id='word_1_214' title='bbox 1429 1415 1559 1454; x_wconf 90' lang='lat' dir='ltr'>fluuiis</span> <span class='ocrx_word' id='word_1_215' title='bbox 1596 1417 1754 1455; x_wconf 89' lang='lat' dir='ltr'>taurino</span> <span class='ocrx_word' id='word_1_216' title='bbox 1783 1415 1894 1454; x_wconf 87' lang='lat' dir='ltr'>uultu</span> <span class='ocrx_word' id='word_1_217' title='bbox 1924 1415 2157 1465; x_wconf 88' lang='lat' dir='ltr'>insignibus,</span> <span class='ocrx_word' id='word_1_218' title='bbox 2189 1417 2241 1453; x_wconf 91' lang='lat' dir='ltr'>de</span> <span class='ocrx_word' id='word_1_219' title='bbox 2269 1416 2462 1466; x_wconf 90' lang='lat' dir='ltr'>Neptuno</span> 
     </span>
     <span class='ocr_line' id='line_1_20' title="bbox 267 1469 2461 1533; baseline -0 -14"><span class='ocrx_word' id='word_1_220' title='bbox 267 1480 306 1518; x_wconf 92' lang='lat' dir='ltr'>in</span> <span class='ocrx_word' id='word_1_221' title='bbox 334 1492 426 1519; x_wconf 90' lang='lat' dir='ltr'>arce</span> <span class='ocrx_word' id='word_1_222' title='bbox 454 1479 708 1533; x_wconf 83' lang='lat' dir='ltr'>Athenarum</span> <span class='ocrx_word' id='word_1_223' title='bbox 751 1469 875 1518; x_wconf 86' lang='lat' dir='ltr'>modo</span> <span class='ocrx_word' id='word_1_224' title='bbox 913 1492 1027 1519; x_wconf 92' lang='lat' dir='ltr'>ecum</span> <span class='ocrx_word' id='word_1_225' title='bbox 1067 1480 1190 1519; x_wconf 90' lang='lat' dir='ltr'>modo</span> <span class='ocrx_word' id='word_1_226' title='bbox 1226 1480 1376 1519; x_wconf 92' lang='lat' dir='ltr'>fontem</span> <span class='ocrx_word' id='word_1_227' title='bbox 1412 1493 1435 1519; x_wconf 92' lang='lat' dir='ltr'>e</span> <span class='ocrx_word' id='word_1_228' title='bbox 1472 1487 1578 1519; x_wconf 90' lang='lat' dir='ltr'>terra</span> <span class='ocrx_word' id='word_1_229' title='bbox 1615 1481 1790 1520; x_wconf 90' lang='lat' dir='ltr'>tridente</span> <span class='ocrx_word' id='word_1_230' title='bbox 1823 1491 2013 1530; x_wconf 90' lang='lat' dir='ltr'>percussa</span> <span class='ocrx_word' id='word_1_231' title='bbox 2039 1479 2223 1518; x_wconf 88' lang='lat' dir='ltr'>eliciente</span> <span class='ocrx_word' id='word_1_232' title='bbox 2253 1478 2380 1529; x_wconf 88' lang='lat' dir='ltr'>(Seru.</span> <span class='ocrx_word' id='word_1_233' title='bbox 2408 1481 2461 1518; x_wconf 88' lang='lat' dir='ltr'>ad</span> 
     </span>
     <span class='ocr_line' id='line_1_21' title="bbox 266 1543 2460 1597; baseline 0 -14"><span class='ocrx_word' id='word_1_234' title='bbox 266 1544 391 1594; x_wconf 89' lang='lat' dir='ltr'>Verg.</span> <span class='ocrx_word' id='word_1_235' title='bbox 415 1544 563 1594; x_wconf 90' lang='lat' dir='ltr'>Georg.</span> <span class='ocrx_word' id='word_1_236' title='bbox 586 1544 604 1582; x_wconf 96' lang='lat' dir='ltr'>I</span> <span class='ocrx_word' id='word_1_237' title='bbox 626 1544 686 1583; x_wconf 85' lang='lat'>12.</span> <span class='ocrx_word' id='word_1_238' title='bbox 717 1544 871 1593; x_wconf 90' lang='lat' dir='ltr'>Vergil.</span> <span class='ocrx_word' id='word_1_239' title='bbox 894 1543 1040 1594; x_wconf 85' lang='lat' dir='ltr'>Georg.</span> <span class='ocrx_word' id='word_1_240' title='bbox 1062 1544 1120 1582; x_wconf 91' lang='lat' dir='ltr'>IV</span> <span class='ocrx_word' id='word_1_241' title='bbox 1141 1544 1232 1594; x_wconf 84' lang='lat'>371)</span> <span class='ocrx_word' id='word_1_242' title='bbox 1251 1557 1304 1582; x_wconf 93' lang='lat' dir='ltr'>ex</span> <span class='ocrx_word' id='word_1_243' title='bbox 1333 1545 1722 1597; x_wconf 89' lang='lat' dir='ltr'>mythographorum</span> <span class='ocrx_word' id='word_1_244' title='bbox 1752 1544 1864 1582; x_wconf 87' lang='lat' dir='ltr'>libris</span> <span class='ocrx_word' id='word_1_245' title='bbox 1891 1544 2023 1596; x_wconf 91' lang='lat' dir='ltr'>quiuis</span> <span class='ocrx_word' id='word_1_246' title='bbox 2050 1545 2200 1596; x_wconf 92' lang='lat' dir='ltr'>poterit</span> <span class='ocrx_word' id='word_1_247' title='bbox 2229 1556 2460 1596; x_wconf 88' lang='lat' dir='ltr'>congerere.</span> 
     </span>
     <span class='ocr_line' id='line_1_22' title="bbox 268 1609 2462 1660; baseline 0 -13"><span class='ocrx_word' id='word_1_248' title='bbox 268 1609 362 1658; x_wconf 90' lang='lat' dir='ltr'>Ego</span> <span class='ocrx_word' id='word_1_249' title='bbox 390 1612 596 1659; x_wconf 87' lang='lat' dir='ltr'>quondam</span> <span class='ocrx_word' id='word_1_250' title='bbox 625 1611 751 1648; x_wconf 90' lang='lat' dir='ltr'>multa</span> <span class='ocrx_word' id='word_1_251' title='bbox 779 1610 927 1648; x_wconf 90' lang='lat' dir='ltr'>contuli</span> <span class='ocrx_word' id='word_1_252' title='bbox 956 1611 1099 1659; x_wconf 90' lang='lat' dir='ltr'>quibus</span> <span class='ocrx_word' id='word_1_253' title='bbox 1128 1612 1328 1659; x_wconf 87' lang='lat' dir='ltr'>congestis</span> <span class='ocrx_word' id='word_1_254' title='bbox 1355 1618 1396 1649; x_wconf 91' lang='lat' dir='ltr'>et</span> <span class='ocrx_word' id='word_1_255' title='bbox 1424 1613 1526 1649; x_wconf 88' lang='lat' dir='ltr'>duos</span> <span class='ocrx_word' id='word_1_256' title='bbox 1555 1612 1642 1649; x_wconf 93' lang='lat' dir='ltr'>illos</span> <span class='ocrx_word' id='word_1_257' title='bbox 1678 1612 1784 1648; x_wconf 92' lang='lat' dir='ltr'>unde</span> <span class='ocrx_word' id='word_1_258' title='bbox 1821 1611 2025 1660; x_wconf 90' lang='lat' dir='ltr'>profectus</span> <span class='ocrx_word' id='word_1_259' title='bbox 2053 1624 2142 1648; x_wconf 92' lang='lat' dir='ltr'>sum</span> <span class='ocrx_word' id='word_1_260' title='bbox 2180 1611 2292 1648; x_wconf 92' lang='lat' dir='ltr'>locos</span> <span class='ocrx_word' id='word_1_261' title='bbox 2329 1612 2462 1660; x_wconf 85' lang='lat' dir='ltr'>aptius</span> 
     </span>
     <span class='ocr_line' id='line_1_23' title="bbox 267 1666 2462 1727; baseline 0 -12"><span class='ocrx_word' id='word_1_262' title='bbox 267 1673 497 1726; x_wconf 87' lang='lat' dir='ltr'>intellegam</span> <span class='ocrx_word' id='word_1_263' title='bbox 535 1681 576 1716; x_wconf 90' lang='lat' dir='ltr'>et</span> <span class='ocrx_word' id='word_1_264' title='bbox 613 1674 762 1716; x_wconf 88' lang='lat' dir='ltr'>uasculi</span> <span class='ocrx_word' id='word_1_265' title='bbox 801 1666 997 1727; x_wconf 84' lang='lat' dir='ltr'>picturam</span> <span class='ocrx_word' id='word_1_266' title='bbox 1026 1674 1119 1723; x_wconf 90' lang='lat' dir='ltr'>eius,</span> <span class='ocrx_word' id='word_1_267' title='bbox 1158 1675 1266 1727; x_wconf 91' lang='lat' dir='ltr'>quod</span> <span class='ocrx_word' id='word_1_268' title='bbox 1301 1674 1521 1716; x_wconf 88' lang='lat' dir='ltr'>Guilelmus</span> <span class='ocrx_word' id='word_1_269' title='bbox 1549 1675 1754 1716; x_wconf 86' lang='lat' dir='ltr'>Froehner</span> <span class='ocrx_word' id='word_1_270' title='bbox 1783 1674 1918 1716; x_wconf 87' lang='lat' dir='ltr'>Choix</span> <span class='ocrx_word' id='word_1_271' title='bbox 1947 1675 1999 1715; x_wconf 89' lang='lat' dir='ltr'>de</span> <span class='ocrx_word' id='word_1_272' title='bbox 2026 1689 2142 1715; x_wconf 85' lang='lat' dir='ltr'>vases</span> <span class='ocrx_word' id='word_1_273' title='bbox 2169 1689 2287 1726; x_wconf 87' lang='lat' dir='ltr'>grecs</span> <span class='ocrx_word' id='word_1_274' title='bbox 2315 1675 2462 1715; x_wconf 69' lang='lat' dir='ltr'>inedits</span> 
     </span>
     <span class='ocr_line' id='line_1_24' title="bbox 268 1739 2462 1793; baseline 0.001 -16"><span class='ocrx_word' id='word_1_275' title='bbox 268 1740 377 1778; x_wconf 90' lang='lat' dir='ltr'>Paris</span> <span class='ocrx_word' id='word_1_276' title='bbox 408 1740 510 1780; x_wconf 82' lang='lat'>1867</span> <span class='ocrx_word' id='word_1_277' title='bbox 539 1740 620 1779; x_wconf 89' lang='lat' dir='ltr'>tab.</span> <span class='ocrx_word' id='word_1_278' title='bbox 652 1741 705 1779; x_wconf 92' lang='lat' dir='ltr'>VI</span> <span class='ocrx_word' id='word_1_279' title='bbox 733 1740 943 1792; x_wconf 92' lang='lat' dir='ltr'>proposuit</span> <span class='ocrx_word' id='word_1_280' title='bbox 971 1740 1187 1792; x_wconf 89' lang='lat' dir='ltr'>depictum,</span> <span class='ocrx_word' id='word_1_281' title='bbox 1217 1740 1283 1778; x_wconf 92' lang='lat' dir='ltr'>ubi</span> <span class='ocrx_word' id='word_1_282' title='bbox 1313 1741 1554 1793; x_wconf 88' lang='lat' dir='ltr'>conspicitur</span> <span class='ocrx_word' id='word_1_283' title='bbox 1581 1746 1704 1793; x_wconf 87' lang='lat' dir='ltr'>caput</span> <span class='ocrx_word' id='word_1_284' title='bbox 1731 1740 1901 1780; x_wconf 88' lang='lat' dir='ltr'>feminae</span> <span class='ocrx_word' id='word_1_285' title='bbox 1929 1745 2114 1779; x_wconf 85' lang='lat' dir='ltr'>ornatum</span> <span class='ocrx_word' id='word_1_286' title='bbox 2143 1741 2254 1793; x_wconf 90' lang='lat' dir='ltr'>quod</span> <span class='ocrx_word' id='word_1_287' title='bbox 2283 1739 2462 1780; x_wconf 84' lang='lat' dir='ltr'>Amores</span> 
     </span>
     <span class='ocr_line' id='line_1_25' title="bbox 268 1806 2460 1857; baseline 0.001 -14"><span class='ocrx_word' id='word_1_288' title='bbox 268 1806 350 1843; x_wconf 91' lang='lat' dir='ltr'>duo</span> <span class='ocrx_word' id='word_1_289' title='bbox 387 1807 676 1845; x_wconf 91' lang='lat' dir='ltr'>circumuolant</span> <span class='ocrx_word' id='word_1_290' title='bbox 714 1813 755 1845; x_wconf 88' lang='lat' dir='ltr'>et</span> <span class='ocrx_word' id='word_1_291' title='bbox 791 1807 926 1856; x_wconf 88' lang='lat' dir='ltr'>Satyri</span> <span class='ocrx_word' id='word_1_292' title='bbox 965 1808 1046 1845; x_wconf 92' lang='lat' dir='ltr'>duo</span> <span class='ocrx_word' id='word_1_293' title='bbox 1080 1808 1174 1844; x_wconf 92' lang='lat' dir='ltr'>nudi</span> <span class='ocrx_word' id='word_1_294' title='bbox 1212 1819 1455 1856; x_wconf 85' lang='lat' dir='ltr'>magnopere</span> <span class='ocrx_word' id='word_1_295' title='bbox 1492 1808 1738 1845; x_wconf 88' lang='lat' dir='ltr'>admirantur</span> <span class='ocrx_word' id='word_1_296' title='bbox 1773 1807 1975 1857; x_wconf 90' lang='lat' dir='ltr'>ligonibus</span> <span class='ocrx_word' id='word_1_297' title='bbox 2011 1808 2166 1844; x_wconf 84' lang='lat' dir='ltr'>armati.</span> <span class='ocrx_word' id='word_1_298' title='bbox 2231 1806 2460 1845; x_wconf 81' lang='lat' dir='ltr'>statueram</span> 
     </span>
     <span class='ocr_line' id='line_1_26' title="bbox 268 1870 2460 1923; baseline 0.001 -14"><span class='ocrx_word' id='word_1_299' title='bbox 268 1876 391 1921; x_wconf 88' lang='lat' dir='ltr'>caput</span> <span class='ocrx_word' id='word_1_300' title='bbox 445 1870 663 1922; x_wconf 89' lang='lat' dir='ltr'>Nymphae</span> <span class='ocrx_word' id='word_1_301' title='bbox 700 1872 946 1922; x_wconf 88' lang='lat' dir='ltr'>descriptum</span> <span class='ocrx_word' id='word_1_302' title='bbox 982 1885 1079 1919; x_wconf 91' lang='lat' dir='ltr'>esse,</span> <span class='ocrx_word' id='word_1_303' title='bbox 1118 1871 1357 1910; x_wconf 90' lang='lat' dir='ltr'>fodientibus</span> <span class='ocrx_word' id='word_1_304' title='bbox 1395 1872 1550 1922; x_wconf 87' lang='lat' dir='ltr'>Satyris</span> <span class='ocrx_word' id='word_1_305' title='bbox 1587 1873 1696 1923; x_wconf 93' lang='lat' dir='ltr'>quod</span> <span class='ocrx_word' id='word_1_306' title='bbox 1733 1873 1974 1922; x_wconf 90' lang='lat' dir='ltr'>apparuerit,</span> <span class='ocrx_word' id='word_1_307' title='bbox 2010 1873 2156 1910; x_wconf 88' lang='lat' dir='ltr'>eodem</span> <span class='ocrx_word' id='word_1_308' title='bbox 2186 1873 2313 1911; x_wconf 88' lang='lat' dir='ltr'>modo</span> <span class='ocrx_word' id='word_1_309' title='bbox 2341 1874 2460 1911; x_wconf 89' lang='lat' dir='ltr'>deam</span> 
     </span>
     <span class='ocr_line' id='line_1_27' title="bbox 269 1934 2462 1988; baseline 0.001 -15"><span class='ocrx_word' id='word_1_310' title='bbox 269 1934 526 1986; x_wconf 89' lang='lat' dir='ltr'>lympharum</span> <span class='ocrx_word' id='word_1_311' title='bbox 554 1948 577 1974; x_wconf 91' lang='lat' dir='ltr'>e</span> <span class='ocrx_word' id='word_1_312' title='bbox 605 1941 711 1975; x_wconf 90' lang='lat' dir='ltr'>terra</span> <span class='ocrx_word' id='word_1_313' title='bbox 739 1940 861 1987; x_wconf 90' lang='lat' dir='ltr'>caput</span> <span class='ocrx_word' id='word_1_314' title='bbox 888 1936 1070 1975; x_wconf 91' lang='lat' dir='ltr'>attollere</span> <span class='ocrx_word' id='word_1_315' title='bbox 1107 1948 1187 1987; x_wconf 94' lang='lat' dir='ltr'>quo</span> <span class='ocrx_word' id='word_1_316' title='bbox 1215 1934 1388 1975; x_wconf 87' lang='lat' dir='ltr'>Orontes</span> <span class='ocrx_word' id='word_1_317' title='bbox 1415 1935 1692 1976; x_wconf 91' lang='lat' dir='ltr'>Antiochenus</span> <span class='ocrx_word' id='word_1_318' title='bbox 1720 1948 1882 1988; x_wconf 91' lang='lat' dir='ltr'>quoque</span> <span class='ocrx_word' id='word_1_319' title='bbox 1910 1936 2018 1987; x_wconf 93' lang='lat' dir='ltr'>apud</span> <span class='ocrx_word' id='word_1_320' title='bbox 2048 1934 2243 1975; x_wconf 89' lang='lat' dir='ltr'>Ouidium</span> <span class='ocrx_word' id='word_1_321' title='bbox 2283 1937 2462 1986; x_wconf 88' lang='lat' dir='ltr'>(metam.</span> 
     </span>
     <span class='ocr_line' id='line_1_28' title="bbox 269 1999 2463 2050; baseline 0.001 -13"><span class='ocrx_word' id='word_1_322' title='bbox 269 1999 304 2036; x_wconf 90' lang='lat' dir='ltr'><strong>V</strong></span> <span class='ocrx_word' id='word_1_323' title='bbox 321 1999 416 2048; x_wconf 83' lang='lat'>503)</span> <span class='ocrx_word' id='word_1_324' title='bbox 444 2000 649 2039; x_wconf 90' lang='lat' dir='ltr'>Arethusa</span> <span class='ocrx_word' id='word_1_325' title='bbox 673 2002 724 2039; x_wconf 94' lang='lat' dir='ltr'>de</span> <span class='ocrx_word' id='word_1_326' title='bbox 743 2014 787 2039; x_wconf 91' lang='lat' dir='ltr'>se</span> <span class='ocrx_word' id='word_1_327' title='bbox 806 2007 957 2039; x_wconf 89' lang='lat' dir='ltr'>narrat:</span> <span class='ocrx_word' id='word_1_328' title='bbox 992 2002 1095 2040; x_wconf 68' lang='lat' dir='ltr'><em>milei</em></span> <span class='ocrx_word' id='word_1_329' title='bbox 1110 2002 1258 2050; x_wconf 83' lang='lat' dir='ltr'>peruia</span> <span class='ocrx_word' id='word_1_330' title='bbox 1286 2002 1399 2039; x_wconf 83' lang='lat' dir='ltr'>tellus</span> <span class='ocrx_word' id='word_1_331' title='bbox 1427 2002 1599 2039; x_wconf 82' lang='lat' dir='ltr'>Praebet</span> <span class='ocrx_word' id='word_1_332' title='bbox 1623 2002 1701 2039; x_wconf 82' lang='lat' dir='ltr'>iter</span> <span class='ocrx_word' id='word_1_333' title='bbox 1728 2002 1938 2050; x_wconf 80' lang='lat' dir='ltr'>subterque</span> <span class='ocrx_word' id='word_1_334' title='bbox 1965 2001 2071 2039; x_wconf 80' lang='lat' dir='ltr'>imas</span> <span class='ocrx_word' id='word_1_335' title='bbox 2098 2002 2236 2039; x_wconf 87' lang='lat' dir='ltr'>ablata</span> <span class='ocrx_word' id='word_1_336' title='bbox 2264 2015 2463 2040; x_wconf 80' lang='lat' dir='ltr'>cauernas</span> 
     </span>
     <span class='ocr_line' id='line_1_29' title="bbox 269 2062 2463 2117; baseline 0.001 -15"><span class='ocrx_word' id='word_1_337' title='bbox 269 2062 350 2102; x_wconf 83' lang='lat' dir='ltr'>Hic</span> <span class='ocrx_word' id='word_1_338' title='bbox 387 2071 505 2115; x_wconf 85' lang='lat' dir='ltr'>caput</span> <span class='ocrx_word' id='word_1_339' title='bbox 543 2065 676 2104; x_wconf 86' lang='lat' dir='ltr'>attollo</span> <span class='ocrx_word' id='word_1_340' title='bbox 717 2065 951 2117; x_wconf 85' lang='lat' dir='ltr'>desuetaque</span> <span class='ocrx_word' id='word_1_341' title='bbox 977 2066 1115 2105; x_wconf 83' lang='lat' dir='ltr'>sidera</span> <span class='ocrx_word' id='word_1_342' title='bbox 1143 2079 1267 2104; x_wconf 79' lang='lat' dir='ltr'>cerne.</span> <span class='ocrx_word' id='word_1_343' title='bbox 1326 2065 1407 2104; x_wconf 88' lang='lat' dir='ltr'>Sed</span> <span class='ocrx_word' id='word_1_344' title='bbox 1436 2066 1592 2105; x_wconf 90' lang='lat' dir='ltr'>interim</span> <span class='ocrx_word' id='word_1_345' title='bbox 1622 2066 1661 2104; x_wconf 92' lang='lat' dir='ltr'>in</span> <span class='ocrx_word' id='word_1_346' title='bbox 1689 2067 1860 2104; x_wconf 90' lang='lat' dir='ltr'>eandem</span> <span class='ocrx_word' id='word_1_347' title='bbox 1890 2066 2261 2116; x_wconf 87' lang='lat' dir='ltr'>interpretationem</span> <span class='ocrx_word' id='word_1_348' title='bbox 2290 2066 2370 2104; x_wconf 90' lang='lat' dir='ltr'>alia</span> <span class='ocrx_word' id='word_1_349' title='bbox 2398 2067 2463 2104; x_wconf 89' lang='lat' dir='ltr'>uia</span> 
     </span>
     <span class='ocr_line' id='line_1_30' title="bbox 269 2129 2464 2182; baseline 0.002 -16"><span class='ocrx_word' id='word_1_350' title='bbox 269 2129 466 2167; x_wconf 89' lang='lat' dir='ltr'>deductus</span> <span class='ocrx_word' id='word_1_351' title='bbox 493 2134 555 2167; x_wconf 92' lang='lat' dir='ltr'>est</span> <span class='ocrx_word' id='word_1_352' title='bbox 584 2129 753 2168; x_wconf 88' lang='lat' dir='ltr'>Carolus</span> <span class='ocrx_word' id='word_1_353' title='bbox 780 2130 937 2169; x_wconf 91' lang='lat' dir='ltr'>Robert</span> <span class='ocrx_word' id='word_1_354' title='bbox 973 2141 1094 2182; x_wconf 90' lang='lat' dir='ltr'>quam</span> <span class='ocrx_word' id='word_1_355' title='bbox 1129 2130 1168 2168; x_wconf 92' lang='lat' dir='ltr'>in</span> <span class='ocrx_word' id='word_1_356' title='bbox 1205 2130 1306 2168; x_wconf 93' lang='lat' dir='ltr'>libro</span> <span class='ocrx_word' id='word_1_357' title='bbox 1343 2130 1405 2169; x_wconf 93' lang='lat' dir='ltr'>cui</span> <span class='ocrx_word' id='word_1_358' title='bbox 1443 2130 1676 2181; x_wconf 91' lang='lat' dir='ltr'>inscriptum</span> <span class='ocrx_word' id='word_1_359' title='bbox 1705 2135 1766 2168; x_wconf 90' lang='lat' dir='ltr'>est</span> <span class='ocrx_word' id='word_1_360' title='bbox 1794 2129 1965 2169; x_wconf 86' lang='lat' dir='ltr'>fabellae</span> <span class='ocrx_word' id='word_1_361' title='bbox 1993 2129 2329 2181; x_wconf 86' lang='lat' dir='ltr'>archaeologicae</span> <span class='ocrx_word' id='word_1_362' title='bbox 2357 2143 2464 2170; x_wconf 90' lang='lat' dir='ltr'>anno</span> 
     </span>
     <span class='ocr_line' id='line_1_31' title="bbox 272 2193 2465 2245; baseline 0.002 -14"><span class='ocrx_word' id='word_1_363' title='bbox 272 2193 376 2232; x_wconf 84' lang='lat'>1886</span> <span class='ocrx_word' id='word_1_364' title='bbox 404 2194 578 2232; x_wconf 91' lang='lat' dir='ltr'>Berolini</span> <span class='ocrx_word' id='word_1_365' title='bbox 608 2195 719 2233; x_wconf 92' lang='lat' dir='ltr'>edito</span> <span class='ocrx_word' id='word_1_366' title='bbox 747 2196 881 2245; x_wconf 91' lang='lat' dir='ltr'>capite</span> <span class='ocrx_word' id='word_1_367' title='bbox 909 2195 1051 2234; x_wconf 92' lang='lat' dir='ltr'>ultimo</span> <span class='ocrx_word' id='word_1_368' title='bbox 1078 2195 1242 2245; x_wconf 87' lang='lat' dir='ltr'>protulit</span> <span class='ocrx_word' id='word_1_369' title='bbox 1271 2193 1330 2232; x_wconf 84' lang='lat' dir='ltr'>uir</span> <span class='ocrx_word' id='word_1_370' title='bbox 1357 2195 1621 2233; x_wconf 88' lang='lat' dir='ltr'>doctissimus.</span> <span class='ocrx_word' id='word_1_371' title='bbox 1680 2195 1820 2245; x_wconf 91' lang='lat' dir='ltr'>Itaque</span> <span class='ocrx_word' id='word_1_372' title='bbox 1848 2207 1942 2233; x_wconf 92' lang='lat' dir='ltr'>cum</span> <span class='ocrx_word' id='word_1_373' title='bbox 1970 2200 2064 2233; x_wconf 90' lang='lat' dir='ltr'>acta</span> <span class='ocrx_word' id='word_1_374' title='bbox 2091 2207 2214 2245; x_wconf 89' lang='lat' dir='ltr'>agere</span> <span class='ocrx_word' id='word_1_375' title='bbox 2243 2196 2379 2242; x_wconf 89' lang='lat' dir='ltr'>nolim,</span> <span class='ocrx_word' id='word_1_376' title='bbox 2423 2203 2465 2235; x_wconf 91' lang='lat' dir='ltr'>et</span> 
     </span>
     <span class='ocr_line' id='line_1_32' title="bbox 269 2258 2462 2312; baseline 0.001 -15"><span class='ocrx_word' id='word_1_377' title='bbox 269 2258 321 2297; x_wconf 90' lang='lat' dir='ltr'>de</span> <span class='ocrx_word' id='word_1_378' title='bbox 350 2258 417 2297; x_wconf 91' lang='lat' dir='ltr'>illa</span> <span class='ocrx_word' id='word_1_379' title='bbox 445 2258 595 2298; x_wconf 88' lang='lat' dir='ltr'>uasculi</span> <span class='ocrx_word' id='word_1_380' title='bbox 621 2259 780 2310; x_wconf 89' lang='lat' dir='ltr'>pictura</span> <span class='ocrx_word' id='word_1_381' title='bbox 807 2265 848 2299; x_wconf 92' lang='lat' dir='ltr'>et</span> <span class='ocrx_word' id='word_1_382' title='bbox 877 2260 928 2299; x_wconf 94' lang='lat' dir='ltr'>de</span> <span class='ocrx_word' id='word_1_383' title='bbox 956 2259 1042 2299; x_wconf 90' lang='lat' dir='ltr'>aliis</span> <span class='ocrx_word' id='word_1_384' title='bbox 1060 2260 1101 2299; x_wconf 91' lang='lat' dir='ltr'>id</span> <span class='ocrx_word' id='word_1_385' title='bbox 1121 2273 1245 2310; x_wconf 90' lang='lat' dir='ltr'>genus</span> <span class='ocrx_word' id='word_1_386' title='bbox 1273 2259 1443 2298; x_wconf 85' lang='lat' dir='ltr'>uasculis</span> <span class='ocrx_word' id='word_1_387' title='bbox 1470 2259 1522 2297; x_wconf 94' lang='lat' dir='ltr'>ad</span> <span class='ocrx_word' id='word_1_388' title='bbox 1546 2259 1715 2298; x_wconf 91' lang='lat' dir='ltr'>Roberti</span> <span class='ocrx_word' id='word_1_389' title='bbox 1737 2260 2060 2299; x_wconf 72' lang='lat' dir='ltr'>dissertationem</span> <span class='ocrx_word' id='word_1_390' title='bbox 2090 2260 2284 2300; x_wconf 91' lang='lat' dir='ltr'>lectorem</span> <span class='ocrx_word' id='word_1_391' title='bbox 2314 2261 2462 2312; x_wconf 90' lang='lat' dir='ltr'>relego.</span> 
     </span>
    </p>

    <p class='ocr_par' dir='ltr' id='par_1_5' title="bbox 269 2323 2468 3156">
     <span class='ocr_line' id='line_1_33' title="bbox 463 2323 2465 2377; baseline 0.001 -15"><span class='ocrx_word' id='word_1_392' title='bbox 463 2324 526 2362; x_wconf 94' lang='lat' dir='ltr'>Ne</span> <span class='ocrx_word' id='word_1_393' title='bbox 555 2325 607 2363; x_wconf 92' lang='lat' dir='ltr'>de</span> <span class='ocrx_word' id='word_1_394' title='bbox 635 2325 886 2376; x_wconf 88' lang='lat' dir='ltr'>etymologia</span> <span class='ocrx_word' id='word_1_395' title='bbox 913 2325 1077 2376; x_wconf 89' lang='lat' dir='ltr'>quidem</span> <span class='ocrx_word' id='word_1_396' title='bbox 1106 2325 1216 2363; x_wconf 88' lang='lat' dir='ltr'>uocis</span> <span class='ocrx_word' id='word_1_397' title='bbox 1243 2323 1355 2377; x_wconf 80' lang='grc' dir='ltr'><strong>κρήνη</strong></span> <span class='ocrx_word' id='word_1_398' title='bbox 1385 2323 1570 2363; x_wconf 91' lang='lat' dir='ltr'>omnibus</span> <span class='ocrx_word' id='word_1_399' title='bbox 1598 2330 1694 2364; x_wconf 88' lang='lat' dir='ltr'>nota</span> <span class='ocrx_word' id='word_1_400' title='bbox 1723 2325 1929 2376; x_wconf 90' lang='lat' dir='ltr'>disputare</span> <span class='ocrx_word' id='word_1_401' title='bbox 1958 2324 1998 2363; x_wconf 92' lang='lat' dir='ltr'>in</span> <span class='ocrx_word' id='word_1_402' title='bbox 2026 2325 2163 2364; x_wconf 87' lang='lat' dir='ltr'>animo</span> <span class='ocrx_word' id='word_1_403' title='bbox 2190 2332 2264 2373; x_wconf 90' lang='lat' dir='ltr'>est,</span> <span class='ocrx_word' id='word_1_404' title='bbox 2294 2326 2366 2365; x_wconf 91' lang='lat' dir='ltr'>sed</span> <span class='ocrx_word' id='word_1_405' title='bbox 2387 2326 2465 2365; x_wconf 93' lang='lat' dir='ltr'>hoc</span> 
     </span>
     <span class='ocr_line' id='line_1_34' title="bbox 269 2389 2465 2443; baseline 0.002 -16"><span class='ocrx_word' id='word_1_406' title='bbox 269 2389 421 2427; x_wconf 86' lang='lat' dir='ltr'>addere</span> <span class='ocrx_word' id='word_1_407' title='bbox 449 2389 571 2435; x_wconf 89' lang='lat' dir='ltr'>iuuat,</span> <span class='ocrx_word' id='word_1_408' title='bbox 602 2390 717 2428; x_wconf 89' lang='lat' dir='ltr'>sicuti</span> <span class='ocrx_word' id='word_1_409' title='bbox 748 2389 786 2427; x_wconf 88' lang='lat' dir='ltr'>in</span> <span class='ocrx_word' id='word_1_410' title='bbox 815 2390 872 2428; x_wconf 91' lang='lat' dir='ltr'>eis</span> <span class='ocrx_word' id='word_1_411' title='bbox 900 2402 1002 2441; x_wconf 86' lang='lat' dir='ltr'>quae</span> <span class='ocrx_word' id='word_1_412' title='bbox 1030 2402 1148 2441; x_wconf 91' lang='lat' dir='ltr'>supra</span> <span class='ocrx_word' id='word_1_413' title='bbox 1183 2390 1348 2428; x_wconf 86' lang='lat' dir='ltr'>tractaui</span> <span class='ocrx_word' id='word_1_414' title='bbox 1388 2389 1655 2428; x_wconf 90' lang='lat' dir='ltr'>monumentis</span> <span class='ocrx_word' id='word_1_415' title='bbox 1692 2395 1734 2429; x_wconf 93' lang='lat' dir='ltr'>et</span> <span class='ocrx_word' id='word_1_416' title='bbox 1761 2390 1858 2428; x_wconf 91' lang='lat' dir='ltr'>artis</span> <span class='ocrx_word' id='word_1_417' title='bbox 1886 2395 1928 2429; x_wconf 89' lang='lat' dir='ltr'>et</span> <span class='ocrx_word' id='word_1_418' title='bbox 1956 2390 2180 2430; x_wconf 87' lang='lat' dir='ltr'>litterarum</span> <span class='ocrx_word' id='word_1_419' title='bbox 2209 2391 2345 2443; x_wconf 89' lang='lat' dir='ltr'>capita</span> <span class='ocrx_word' id='word_1_420' title='bbox 2373 2391 2465 2431; x_wconf 77' lang='lat' dir='ltr'>effo-</span> 
     </span>
     <span class='ocr_line' id='line_1_35' title="bbox 270 2454 2466 2507; baseline 0.001 -14"><span class='ocrx_word' id='word_1_421' title='bbox 270 2454 432 2493; x_wconf 87' lang='lat' dir='ltr'>diuntur</span> <span class='ocrx_word' id='word_1_422' title='bbox 459 2461 499 2493; x_wconf 92' lang='lat' dir='ltr'>et</span> <span class='ocrx_word' id='word_1_423' title='bbox 528 2455 790 2501; x_wconf 89' lang='lat' dir='ltr'>inueniuntur,</span> <span class='ocrx_word' id='word_1_424' title='bbox 830 2455 884 2493; x_wconf 88' lang='lat' dir='ltr'>ita</span> <span class='ocrx_word' id='word_1_425' title='bbox 921 2456 961 2493; x_wconf 92' lang='lat' dir='ltr'>in</span> <span class='ocrx_word' id='word_1_426' title='bbox 997 2455 1083 2493; x_wconf 90' lang='lat' dir='ltr'>aliis</span> <span class='ocrx_word' id='word_1_427' title='bbox 1120 2456 1252 2505; x_wconf 90' lang='lat' dir='ltr'>capita</span> <span class='ocrx_word' id='word_1_428' title='bbox 1289 2455 1422 2493; x_wconf 90' lang='lat' dir='ltr'>defodi</span> <span class='ocrx_word' id='word_1_429' title='bbox 1461 2461 1646 2504; x_wconf 86' lang='lat' dir='ltr'>terraque</span> <span class='ocrx_word' id='word_1_430' title='bbox 1674 2455 1789 2494; x_wconf 91' lang='lat' dir='ltr'>obrui</span> <span class='ocrx_word' id='word_1_431' title='bbox 1819 2469 1912 2493; x_wconf 88' lang='lat' dir='ltr'>cum</span> <span class='ocrx_word' id='word_1_432' title='bbox 1941 2457 2062 2494; x_wconf 88' lang='lat' dir='ltr'>simili</span> <span class='ocrx_word' id='word_1_433' title='bbox 2091 2464 2161 2495; x_wconf 87' lang='lat' dir='ltr'>aut</span> <span class='ocrx_word' id='word_1_434' title='bbox 2190 2458 2276 2507; x_wconf 86' lang='lat' dir='ltr'>pari</span> <span class='ocrx_word' id='word_1_435' title='bbox 2306 2459 2360 2495; x_wconf 90' lang='lat' dir='ltr'>rei</span> <span class='ocrx_word' id='word_1_436' title='bbox 2390 2459 2466 2507; x_wconf 88' lang='lat' dir='ltr'>sig-</span> 
     </span>
     <span class='ocr_line' id='line_1_36' title="bbox 270 2518 2466 2572; baseline 0.001 -15"><span class='ocrx_word' id='word_1_437' title='bbox 270 2518 508 2557; x_wconf 87' lang='lat' dir='ltr'>nificatione.</span> <span class='ocrx_word' id='word_1_438' title='bbox 568 2518 775 2558; x_wconf 89' lang='lat' dir='ltr'>Danaides</span> <span class='ocrx_word' id='word_1_439' title='bbox 803 2520 1000 2570; x_wconf 87' lang='lat' dir='ltr'>aquariae,</span> <span class='ocrx_word' id='word_1_440' title='bbox 1030 2525 1240 2570; x_wconf 89' lang='lat' dir='ltr'>puteorum</span> <span class='ocrx_word' id='word_1_441' title='bbox 1268 2525 1460 2570; x_wconf 86' lang='lat' dir='ltr'>patronae</span> <span class='ocrx_word' id='word_1_442' title='bbox 1489 2519 1760 2558; x_wconf 88' lang='lat' dir='ltr'>Lernaeorum</span> <span class='ocrx_word' id='word_1_443' title='bbox 1792 2519 1942 2569; x_wconf 88' lang='lat' dir='ltr'>(Strab.</span> <span class='ocrx_word' id='word_1_444' title='bbox 1966 2520 2068 2559; x_wconf 93' lang='lat' dir='ltr'>VIII</span> <span class='ocrx_word' id='word_1_445' title='bbox 2095 2534 2135 2572; x_wconf 90' lang='lat' dir='ltr'>p.</span> <span class='ocrx_word' id='word_1_446' title='bbox 2158 2520 2251 2571; x_wconf 75' lang='lat'>371)</span> <span class='ocrx_word' id='word_1_447' title='bbox 2281 2522 2466 2572; x_wconf 85' lang='lat' dir='ltr'>Aegypti</span> 
     </span>
     <span class='ocr_line' id='line_1_37' title="bbox 271 2582 2466 2638; baseline 0.002 -17"><span class='ocrx_word' id='word_1_448' title='bbox 271 2583 380 2621; x_wconf 89' lang='lat' dir='ltr'>fluuii</span> <span class='ocrx_word' id='word_1_449' title='bbox 417 2583 518 2621; x_wconf 81' lang='lat' dir='ltr'>filios</span> <span class='ocrx_word' id='word_1_450' title='bbox 552 2584 772 2622; x_wconf 87' lang='lat' dir='ltr'>trucidant:</span> <span class='ocrx_word' id='word_1_451' title='bbox 824 2584 888 2627; x_wconf 80' lang='grc' dir='ltr'>τὰς</span> <span class='ocrx_word' id='word_1_452' title='bbox 924 2583 989 2637; x_wconf 79' lang='grc' dir='ltr'>μὲν</span> <span class='ocrx_word' id='word_1_453' title='bbox 1023 2584 1185 2637; x_wconf 79' lang='grc' dir='ltr'>κεφαλὰς</span> <span class='ocrx_word' id='word_1_454' title='bbox 1221 2587 1288 2622; x_wconf 86' lang='grc' dir='ltr'>τῶν</span> <span class='ocrx_word' id='word_1_455' title='bbox 1322 2582 1483 2636; x_wconf 80' lang='grc' dir='ltr'>νυμφίων</span> <span class='ocrx_word' id='word_1_456' title='bbox 1521 2584 1558 2622; x_wconf 83' lang='grc' dir='ltr'>ἐν</span> <span class='ocrx_word' id='word_1_457' title='bbox 1594 2586 1640 2637; x_wconf 81' lang='grc' dir='ltr'>τῇ</span> <span class='ocrx_word' id='word_1_458' title='bbox 1669 2584 1787 2637; x_wconf 80' lang='grc' dir='ltr'><strong>Λέρνῃ</strong></span> <span class='ocrx_word' id='word_1_459' title='bbox 1816 2584 2033 2638; x_wconf 77' lang='grc' dir='ltr'>κατώρυξαν,</span> <span class='ocrx_word' id='word_1_460' title='bbox 2073 2585 2118 2625; x_wconf 84' lang='grc' dir='ltr'>τά</span> <span class='ocrx_word' id='word_1_461' title='bbox 2147 2584 2189 2625; x_wconf 75' lang='grc' dir='ltr'>δὲ</span> <span class='ocrx_word' id='word_1_462' title='bbox 2219 2585 2370 2638; x_wconf 77' lang='grc' dir='ltr'>σώματα</span> <span class='ocrx_word' id='word_1_463' title='bbox 2397 2586 2466 2638; x_wconf 81' lang='grc' dir='ltr'>πρὸ</span> 
     </span>
     <span class='ocr_line' id='line_1_38' title="bbox 269 2647 2465 2702; baseline 0.001 -15"><span class='ocrx_word' id='word_1_464' title='bbox 269 2650 332 2699; x_wconf 76' lang='grc' dir='ltr'>τῆς</span> <span class='ocrx_word' id='word_1_465' title='bbox 359 2647 502 2691; x_wconf 82' lang='grc' dir='ltr'>πόλεως</span> <span class='ocrx_word' id='word_1_466' title='bbox 531 2647 732 2700; x_wconf 79' lang='grc' dir='ltr'>ἐκήδευσαν</span> <span class='ocrx_word' id='word_1_467' title='bbox 770 2648 977 2700; x_wconf 89' lang='lat' dir='ltr'>(Apollod.</span> <span class='ocrx_word' id='word_1_468' title='bbox 1009 2648 1046 2687; x_wconf 96' lang='lat' dir='ltr'>II</span> <span class='ocrx_word' id='word_1_469' title='bbox 1075 2650 1110 2696; x_wconf 91' lang='lat'>1,</span> <span class='ocrx_word' id='word_1_470' title='bbox 1139 2649 1176 2695; x_wconf 84' lang='lat'>5,</span> <span class='ocrx_word' id='word_1_471' title='bbox 1213 2649 1282 2697; x_wconf 87' lang='lat'>11).</span> <span class='ocrx_word' id='word_1_472' title='bbox 1340 2648 1538 2687; x_wconf 88' lang='lat' dir='ltr'>Nimirum</span> <span class='ocrx_word' id='word_1_473' title='bbox 1574 2649 1790 2688; x_wconf 89' lang='lat' dir='ltr'>fonticulos</span> <span class='ocrx_word' id='word_1_474' title='bbox 1827 2650 1891 2689; x_wconf 62' lang='lat' dir='ltr'>ita,</span> <span class='ocrx_word' id='word_1_475' title='bbox 1926 2651 2093 2689; x_wconf 87' lang='lat' dir='ltr'>indicari</span> <span class='ocrx_word' id='word_1_476' title='bbox 2131 2651 2199 2702; x_wconf 94' lang='lat' dir='ltr'>qui</span> <span class='ocrx_word' id='word_1_477' title='bbox 2234 2651 2274 2689; x_wconf 88' lang='lat' dir='ltr'>in</span> <span class='ocrx_word' id='word_1_478' title='bbox 2301 2651 2465 2702; x_wconf 90' lang='lat' dir='ltr'>palustri</span> 
     </span>
     <span class='ocr_line' id='line_1_39' title="bbox 271 2713 2467 2767; baseline 0 -15"><span class='ocrx_word' id='word_1_479' title='bbox 271 2713 338 2752; x_wconf 92' lang='lat' dir='ltr'>illa</span> <span class='ocrx_word' id='word_1_480' title='bbox 366 2714 530 2763; x_wconf 88' lang='lat' dir='ltr'>regione</span> <span class='ocrx_word' id='word_1_481' title='bbox 558 2720 822 2764; x_wconf 91' lang='lat' dir='ltr'>prorumpant</span> <span class='ocrx_word' id='word_1_482' title='bbox 850 2715 1003 2753; x_wconf 91' lang='lat' dir='ltr'>dudum</span> <span class='ocrx_word' id='word_1_483' title='bbox 1032 2714 1261 2752; x_wconf 89' lang='lat' dir='ltr'>intellexere</span> <span class='ocrx_word' id='word_1_484' title='bbox 1288 2714 1360 2751; x_wconf 87' lang='lat' dir='ltr'>uiri</span> <span class='ocrx_word' id='word_1_485' title='bbox 1390 2714 1511 2752; x_wconf 89' lang='lat' dir='ltr'>docti.</span> <span class='ocrx_word' id='word_1_486' title='bbox 1570 2715 1803 2753; x_wconf 90' lang='lat' dir='ltr'>Danaidum</span> <span class='ocrx_word' id='word_1_487' title='bbox 1840 2716 2109 2754; x_wconf 89' lang='lat' dir='ltr'>illustrissima</span> <span class='ocrx_word' id='word_1_488' title='bbox 2136 2716 2372 2767; x_wconf 90' lang='lat' dir='ltr'>Amymone</span> <span class='ocrx_word' id='word_1_489' title='bbox 2401 2717 2467 2753; x_wconf 89' lang='lat' dir='ltr'>illa</span> 
     </span>
     <span class='ocr_line' id='line_1_40' title="bbox 270 2777 2467 2831; baseline 0.001 -15"><span class='ocrx_word' id='word_1_490' title='bbox 270 2777 345 2816; x_wconf 91' lang='lat' dir='ltr'>fuit</span> <span class='ocrx_word' id='word_1_491' title='bbox 371 2777 491 2817; x_wconf 89' lang='lat' dir='ltr'>fontis</span> <span class='ocrx_word' id='word_1_492' title='bbox 520 2778 700 2829; x_wconf 90' lang='lat' dir='ltr'>nympha</span> <span class='ocrx_word' id='word_1_493' title='bbox 728 2780 907 2817; x_wconf 89' lang='lat' dir='ltr'>omnium</span> <span class='ocrx_word' id='word_1_494' title='bbox 935 2779 1157 2829; x_wconf 90' lang='lat' dir='ltr'>largissimi,</span> <span class='ocrx_word' id='word_1_495' title='bbox 1193 2779 1304 2817; x_wconf 89' lang='lat' dir='ltr'>iuxta</span> <span class='ocrx_word' id='word_1_496' title='bbox 1331 2791 1452 2828; x_wconf 90' lang='lat' dir='ltr'>quem</span> <span class='ocrx_word' id='word_1_497' title='bbox 1481 2779 1637 2828; x_wconf 90' lang='lat' dir='ltr'>hydrae</span> <span class='ocrx_word' id='word_1_498' title='bbox 1665 2780 1872 2819; x_wconf 88' lang='lat' dir='ltr'>Lernaeae</span> <span class='ocrx_word' id='word_1_499' title='bbox 1901 2782 2076 2820; x_wconf 86' lang='lat' dir='ltr'>latebras</span> <span class='ocrx_word' id='word_1_500' title='bbox 2104 2782 2225 2820; x_wconf 88' lang='lat' dir='ltr'>fuisse</span> <span class='ocrx_word' id='word_1_501' title='bbox 2253 2782 2467 2831; x_wconf 87' lang='lat' dir='ltr'>scriptores</span> 
     </span>
     <span class='ocr_line' id='line_1_41' title="bbox 270 2841 2468 2898; baseline 0.001 -18"><span class='ocrx_word' id='word_1_502' title='bbox 270 2842 444 2880; x_wconf 90' lang='lat' dir='ltr'>tradunt.</span> <span class='ocrx_word' id='word_1_503' title='bbox 504 2841 650 2893; x_wconf 87' lang='lat' dir='ltr'>Capita</span> <span class='ocrx_word' id='word_1_504' title='bbox 677 2842 762 2880; x_wconf 92' lang='lat' dir='ltr'>eius</span> <span class='ocrx_word' id='word_1_505' title='bbox 799 2843 983 2881; x_wconf 88' lang='lat' dir='ltr'>mortalia</span> <span class='ocrx_word' id='word_1_506' title='bbox 1020 2842 1122 2881; x_wconf 89' lang='lat' dir='ltr'>ferro</span> <span class='ocrx_word' id='word_1_507' title='bbox 1154 2848 1194 2881; x_wconf 89' lang='lat' dir='ltr'>et</span> <span class='ocrx_word' id='word_1_508' title='bbox 1230 2842 1312 2893; x_wconf 91' lang='lat' dir='ltr'>igni</span> <span class='ocrx_word' id='word_1_509' title='bbox 1349 2842 1547 2881; x_wconf 88' lang='lat' dir='ltr'>exstinxit</span> <span class='ocrx_word' id='word_1_510' title='bbox 1574 2842 1784 2891; x_wconf 87' lang='lat' dir='ltr'>Hercules,</span> <span class='ocrx_word' id='word_1_511' title='bbox 1823 2857 1916 2884; x_wconf 91' lang='lat' dir='ltr'>cum</span> <span class='ocrx_word' id='word_1_512' title='bbox 1947 2844 2184 2898; x_wconf 80' lang='grc' dir='ltr'>μυριόκρανον</span> <span class='ocrx_word' id='word_1_513' title='bbox 2211 2844 2302 2884; x_wconf 77' lang='grc' dir='ltr'>κύνα</span> <span class='ocrx_word' id='word_1_514' title='bbox 2333 2844 2468 2897; x_wconf 78' lang='grc' dir='ltr'>Λέρνας</span> 
     </span>
     <span class='ocr_line' id='line_1_42' title="bbox 271 2904 2466 2962; baseline 0 -17"><span class='ocrx_word' id='word_1_515' title='bbox 271 2907 476 2946; x_wconf 87' lang='lat' dir='ltr'>domaret:</span> <span class='ocrx_word' id='word_1_516' title='bbox 506 2908 578 2945; x_wconf 91' lang='lat' dir='ltr'>sed</span> <span class='ocrx_word' id='word_1_517' title='bbox 606 2906 671 2957; x_wconf 82' lang='grc' dir='ltr'>τήν</span> <span class='ocrx_word' id='word_1_518' title='bbox 700 2905 882 2946; x_wconf 80' lang='grc' dir='ltr'>ἀθάνατον</span> <span class='ocrx_word' id='word_1_519' title='bbox 910 2906 1099 2959; x_wconf 82' lang='grc' dir='ltr'>ἀποκόψας</span> <span class='ocrx_word' id='word_1_520' title='bbox 1127 2905 1305 2958; x_wconf 76' lang='grc' dir='ltr'>κατώρυξε</span> <span class='ocrx_word' id='word_1_521' title='bbox 1332 2904 1394 2944; x_wconf 82' lang='grc' dir='ltr'>καὶ</span> <span class='ocrx_word' id='word_1_522' title='bbox 1422 2907 1572 2958; x_wconf 77' lang='grc' dir='ltr'>βαρεῖαν</span> <span class='ocrx_word' id='word_1_523' title='bbox 1601 2907 1765 2959; x_wconf 79' lang='grc' dir='ltr'>ἐπέθηκε</span> <span class='ocrx_word' id='word_1_524' title='bbox 1793 2908 1928 2962; x_wconf 79' lang='grc' dir='ltr'>πέτραν</span> <span class='ocrx_word' id='word_1_525' title='bbox 1958 2911 2213 2961; x_wconf 87' lang='lat' dir='ltr'>(Apollodor.</span> <span class='ocrx_word' id='word_1_526' title='bbox 2243 2910 2336 2956; x_wconf 83' lang='lat'>115,</span> <span class='ocrx_word' id='word_1_527' title='bbox 2356 2911 2394 2955; x_wconf 82' lang='lat'>2,</span> <span class='ocrx_word' id='word_1_528' title='bbox 2415 2911 2466 2957; x_wconf 81' lang='lat'>5).</span> 
     </span>
     <span class='ocr_line' id='line_1_43' title="bbox 272 2969 2468 3027; baseline 0.001 -17"><span class='ocrx_word' id='word_1_529' title='bbox 272 2969 383 3021; x_wconf 84' lang='lat' dir='ltr'>Quid</span> <span class='ocrx_word' id='word_1_530' title='bbox 412 2970 595 3010; x_wconf 90' lang='lat' dir='ltr'>fabulosa</span> <span class='ocrx_word' id='word_1_531' title='bbox 622 2971 698 3010; x_wconf 91' lang='lat' dir='ltr'>ista</span> <span class='ocrx_word' id='word_1_532' title='bbox 725 2972 903 3022; x_wconf 90' lang='lat' dir='ltr'>capitum</span> <span class='ocrx_word' id='word_1_533' title='bbox 932 2972 1133 3011; x_wconf 88' lang='lat' dir='ltr'>decisione</span> <span class='ocrx_word' id='word_1_534' title='bbox 1160 2971 1359 3010; x_wconf 85' lang='lat' dir='ltr'>balbutiat</span> <span class='ocrx_word' id='word_1_535' title='bbox 1385 2972 1615 3023; x_wconf 84' lang='lat' dir='ltr'>antiquitas,</span> <span class='ocrx_word' id='word_1_536' title='bbox 1647 2986 1768 3012; x_wconf 89' lang='lat' dir='ltr'>nemo</span> <span class='ocrx_word' id='word_1_537' title='bbox 1788 2988 1869 3013; x_wconf 91' lang='lat' dir='ltr'>non</span> <span class='ocrx_word' id='word_1_538' title='bbox 1898 2976 2113 3027; x_wconf 89' lang='lat' dir='ltr'>intellegit:</span> <span class='ocrx_word' id='word_1_539' title='bbox 2145 2982 2188 3014; x_wconf 88' lang='lat' dir='ltr'>tu</span> <span class='ocrx_word' id='word_1_540' title='bbox 2217 2977 2249 3014; x_wconf 88' lang='lat' dir='ltr'>si</span> <span class='ocrx_word' id='word_1_541' title='bbox 2279 2976 2348 3013; x_wconf 92' lang='lat' dir='ltr'>illo</span> <span class='ocrx_word' id='word_1_542' title='bbox 2376 2976 2468 3013; x_wconf 92' lang='lat' dir='ltr'>loco</span> 
     </span>
     <span class='ocr_line' id='line_1_44' title="bbox 270 3036 2465 3090; baseline 0.001 -16"><span class='ocrx_word' id='word_1_543' title='bbox 270 3050 353 3086; x_wconf 91' lang='lat' dir='ltr'>quo</span> <span class='ocrx_word' id='word_1_544' title='bbox 381 3036 575 3075; x_wconf 91' lang='lat' dir='ltr'>Hercules</span> <span class='ocrx_word' id='word_1_545' title='bbox 603 3043 726 3086; x_wconf 85' lang='lat' dir='ltr'>caput</span> <span class='ocrx_word' id='word_1_546' title='bbox 763 3037 917 3086; x_wconf 91' lang='lat' dir='ltr'>hydrae</span> <span class='ocrx_word' id='word_1_547' title='bbox 955 3037 1179 3075; x_wconf 89' lang='lat' dir='ltr'>immortale</span> <span class='ocrx_word' id='word_1_548' title='bbox 1215 3037 1416 3074; x_wconf 89' lang='lat' dir='ltr'>defodisse</span> <span class='ocrx_word' id='word_1_549' title='bbox 1444 3038 1591 3075; x_wconf 87' lang='lat' dir='ltr'>dicitur</span> <span class='ocrx_word' id='word_1_550' title='bbox 1628 3051 1732 3076; x_wconf 88' lang='lat' dir='ltr'>saxo</span> <span class='ocrx_word' id='word_1_551' title='bbox 1768 3041 1953 3079; x_wconf 91' lang='lat' dir='ltr'>reuoluto</span> <span class='ocrx_word' id='word_1_552' title='bbox 1988 3042 2119 3079; x_wconf 89' lang='lat' dir='ltr'>solum</span> <span class='ocrx_word' id='word_1_553' title='bbox 2154 3041 2346 3078; x_wconf 84' lang='lat' dir='ltr'>fodiendo</span> <span class='ocrx_word' id='word_1_554' title='bbox 2384 3052 2465 3090; x_wconf 90' lang='lat' dir='ltr'>per-</span> 
     </span>
     <span class='ocr_line' id='line_1_45' title="bbox 271 3099 1923 3156; baseline 0.003 -16"><span class='ocrx_word' id='word_1_555' title='bbox 271 3100 437 3140; x_wconf 88' lang='lat' dir='ltr'>scrutari</span> <span class='ocrx_word' id='word_1_556' title='bbox 467 3100 589 3148; x_wconf 84' lang='lat' dir='ltr'>uoles,</span> <span class='ocrx_word' id='word_1_557' title='bbox 619 3113 698 3139; x_wconf 91' lang='lat' dir='ltr'>non</span> <span class='ocrx_word' id='word_1_558' title='bbox 726 3100 869 3140; x_wconf 91' lang='lat' dir='ltr'>dubito</span> <span class='ocrx_word' id='word_1_559' title='bbox 897 3101 994 3152; x_wconf 90' lang='lat' dir='ltr'>quin</span> <span class='ocrx_word' id='word_1_560' title='bbox 1021 3100 1236 3141; x_wconf 89' lang='lat' dir='ltr'>inuenturis</span> <span class='ocrx_word' id='word_1_561' title='bbox 1264 3100 1317 3139; x_wconf 87' lang='lat' dir='ltr'>sis</span> <span class='ocrx_word' id='word_1_562' title='bbox 1344 3099 1479 3154; x_wconf 78' lang='grc' dir='ltr'>κρήνης</span> <span class='ocrx_word' id='word_1_563' title='bbox 1506 3104 1623 3155; x_wconf 84' lang='grc' dir='ltr'>κρᾶτα</span> <span class='ocrx_word' id='word_1_564' title='bbox 1651 3102 1712 3143; x_wconf 86' lang='grc' dir='ltr'>τὸν</span> <span class='ocrx_word' id='word_1_565' title='bbox 1740 3102 1883 3145; x_wconf 79' lang='grc' dir='ltr'>ἀέναον.</span> <span class='ocrx_word' id='word_1_566' title='bbox 1896 3104 1923 3156; x_wconf 92' lang='lat'>¹)</span> 
     </span>
    </p>
   </div>
   <div class='ocr_carea' id='block_1_3' title="bbox 270 3199 2466 3300">
    <p class='ocr_par' dir='ltr' id='par_1_6' title="bbox 270 3199 2466 3300">
     <span class='ocr_line' id='line_1_46' title="bbox 465 3199 2466 3245; baseline 0.002 -15"><span class='ocrx_word' id='word_1_567' title='bbox 465 3199 491 3242; x_wconf 82' lang='lat'>¹)</span> <span class='ocrx_word' id='word_1_568' title='bbox 513 3201 674 3240; x_wconf 87' lang='lat' dir='ltr'>Quoniam</span> <span class='ocrx_word' id='word_1_569' title='bbox 708 3205 739 3231; x_wconf 86' lang='lat' dir='ltr'>et</span> <span class='ocrx_word' id='word_1_570' title='bbox 770 3201 873 3241; x_wconf 79' lang='lat' dir='ltr'>campi</span> <span class='ocrx_word' id='word_1_571' title='bbox 908 3201 1018 3240; x_wconf 83' lang='lat' dir='ltr'>Argiui</span> <span class='ocrx_word' id='word_1_572' title='bbox 1052 3205 1084 3231; x_wconf 87' lang='lat' dir='ltr'>et</span> <span class='ocrx_word' id='word_1_573' title='bbox 1117 3200 1285 3231; x_wconf 84' lang='lat' dir='ltr'>fluuiorum</span> <span class='ocrx_word' id='word_1_574' title='bbox 1318 3200 1551 3233; x_wconf 83' lang='lat' dir='ltr'>taurisonnium</span> <span class='ocrx_word' id='word_1_575' title='bbox 1576 3204 1698 3235; x_wconf 83' lang='lat' dir='ltr'>mentio</span> <span class='ocrx_word' id='word_1_576' title='bbox 1728 3205 1845 3236; x_wconf 76' lang='lat' dir='ltr'>iniecta</span> <span class='ocrx_word' id='word_1_577' title='bbox 1867 3210 1925 3242; x_wconf 84' lang='lat' dir='ltr'>est,</span> <span class='ocrx_word' id='word_1_578' title='bbox 1951 3205 2211 3245; x_wconf 78' lang='lat' dir='ltr'>contemplamini</span> <span class='ocrx_word' id='word_1_579' title='bbox 2236 3215 2354 3244; x_wconf 68' lang='lat' dir='ltr'>quaeso</span> <span class='ocrx_word' id='word_1_580' title='bbox 2378 3210 2466 3234; x_wconf 86' lang='lat' dir='ltr'>uetu-</span> 
     </span>
     <span class='ocr_line' id='line_1_47' title="bbox 270 3253 2466 3300; baseline 0.002 -18"><span class='ocrx_word' id='word_1_581' title='bbox 270 3253 438 3285; x_wconf 79' lang='lat' dir='ltr'>stissimam</span> <span class='ocrx_word' id='word_1_582' title='bbox 472 3255 560 3285; x_wconf 87' lang='lat' dir='ltr'>illam</span> <span class='ocrx_word' id='word_1_583' title='bbox 594 3260 649 3285; x_wconf 85' lang='lat' dir='ltr'>aut</span> <span class='ocrx_word' id='word_1_584' title='bbox 677 3255 786 3285; x_wconf 85' lang='lat' dir='ltr'>Inachi</span> <span class='ocrx_word' id='word_1_585' title='bbox 816 3260 872 3285; x_wconf 85' lang='lat' dir='ltr'>aut</span> <span class='ocrx_word' id='word_1_586' title='bbox 900 3255 1022 3284; x_wconf 69' lang='lat' dir='ltr'>Erasini</span> <span class='ocrx_word' id='word_1_587' title='bbox 1054 3254 1153 3294; x_wconf 83' lang='lat' dir='ltr'>(cons.</span> <span class='ocrx_word' id='word_1_588' title='bbox 1187 3255 1315 3285; x_wconf 85' lang='lat' dir='ltr'>Aelian.</span> <span class='ocrx_word' id='word_1_589' title='bbox 1348 3266 1381 3285; x_wconf 92' lang='lat' dir='ltr'>u.</span> <span class='ocrx_word' id='word_1_590' title='bbox 1407 3257 1441 3286; x_wconf 89' lang='lat' dir='ltr'>h.</span> <span class='ocrx_word' id='word_1_591' title='bbox 1468 3257 1497 3286; x_wconf 87' lang='lat'>11</span> <span class='ocrx_word' id='word_1_592' title='bbox 1520 3257 1575 3297; x_wconf 83' lang='lat'>33)</span> <span class='ocrx_word' id='word_1_593' title='bbox 1608 3259 1781 3297; x_wconf 84' lang='lat' dir='ltr'>imaginem</span> <span class='ocrx_word' id='word_1_594' title='bbox 1812 3264 1956 3300; x_wconf 83' lang='lat' dir='ltr'>tempore</span> <span class='ocrx_word' id='word_1_595' title='bbox 1980 3260 2151 3290; x_wconf 76' lang='lat' dir='ltr'>Homerico</span> <span class='ocrx_word' id='word_1_596' title='bbox 2175 3260 2302 3300; x_wconf 76' lang='lat' dir='ltr'>pictam,</span> <span class='ocrx_word' id='word_1_597' title='bbox 2330 3269 2409 3298; x_wconf 83' lang='lat' dir='ltr'>quae</span> <span class='ocrx_word' id='word_1_598' title='bbox 2434 3260 2466 3287; x_wconf 89' lang='lat' dir='ltr'>in</span> 
     </span>
    </p>
   </div>
   <div class='ocr_carea' id='block_1_4' title="bbox 2191 3315 2211 3346">
    <p class='ocr_par' dir='ltr' id='par_1_7' title="bbox 2191 3315 2211 3346">
     <span class='ocr_line' id='line_1_48' title="bbox 2191 3315 2211 3346; baseline 0 0"><span class='ocrx_word' id='word_1_599' title='bbox 2191 3315 2211 3346; x_wconf 82' lang='lat'>2</span> 
     </span>
    </p>
   </div>
  </div>
 </body>
</html>
