2720 3743
2418 195 2464 234 11

251 321 491 377 vCapitolini
522 322 662 364 ordine
690 329 842 375 quarta,
873 322 1074 375 signatum
1105 337 1270 364 numero
1291 322 1353 371 76,
1384 321 1628 363 delineatum
1659 321 1698 362 in
1726 322 1928 362 annalium
1958 323 2077 362 instit.
2099 322 2217 362 Rom.
2248 324 2338 362 anni
2368 325 2464 363 1841

275 388 355 427 tab.
387 388 437 435 G,
481 389 592 440 quod
634 388 811 428 Terentii
854 394 998 442 poetae
1039 387 1296 427 simulacrum
1339 400 1426 428 esse
1463 387 1679 428 arbitratus
1714 392 1776 427 est
1812 387 1945 428 editor
1981 386 2257 427 Melchiorrius
2298 400 2337 439 p.
2378 388 2466 429 102.

275 454 532 504 Conspicitur
572 460 613 492 et
654 460 777 504 eaput
817 461 859 492 et
899 460 1040 505 pectus
1080 454 1253 492 hominis
1295 454 1468 491 nudum:
1514 454 1636 492 facies
1674 453 1848 491 barbara
1884 452 2019 504 potius
2055 464 2178 503 quam
2207 451 2365 491 Graeca
2400 459 2497 499 aut,

274 518 470 566 Romana,
500 518 628 557 barba
656 519 819 558 horrida
845 525 887 558 et
913 519 1063 557 inculta
1091 532 1219 569 neque
1248 525 1383 557 tamen
1410 519 1744 569 philosophorum
1774 518 1900 556 modo
1927 517 2137 569 promissa,
2167 518 2240 556 sed
2268 517 2402 556 breuis
2429 526 2469 557 et

273 582 493 634 paullulum
531 583 700 622 detonsa
738 589 781 621 ut
818 583 997 631 uidetur,
1044 582 1178 621 uultus
1214 595 1294 621 non
1321 589 1466 633 poetae
1495 596 1623 634 neque
1651 583 1894 634 philosophi,
1923 583 2031 622 acuti
2061 587 2199 621 tamen
2226 582 2399 621 hominis
2427 589 2469 622 et

274 648 342 698 qui
372 648 541 686 multum
570 648 765 699 temporis
793 652 918 699 ponat
946 646 985 685 in
1013 646 1259 697 cogitatione
1287 653 1329 686 et
1357 648 1627 687 meditatione.
1677 648 1863 699 Denique
1882 648 1993 699 quod
2012 653 2075 687 est
2095 648 2241 686 summi
2263 648 2468 693 momenti,

273 713 313 751 in
355 713 523 752 dextera
565 718 680 764 parte
722 713 897 764 pectoris
937 712 1034 751 nudi
1077 711 1187 751 larua
1228 712 1383 762 tragica
1423 711 1621 751 collocata
1663 718 1733 752 est.
1802 711 2012 752 Comicam
2055 724 2145 752 eam
2189 711 2301 751 dixit·
2337 711 2470 751 editor

274 778 497 815 Romanus:
529 784 665 815 tamen
693 791 780 815 sese
808 790 939 815 errare
967 783 1008 814 et
1036 777 1122 825 ipse
1150 777 1375 824 suspicatus
1403 781 1466 813 est
1493 789 1531 824 p.
1556 777 1629 813 101
1661 782 1703 813 et
1730 777 1898 825 quilibet
1917 782 2052 825 potest
2072 777 2221 821 uidere,
2250 777 2283 812 si
2304 776 2468 825 quidem

273 853 443 893 persona
471 846 608 894 aperte
636 835 735 894 ὄγκῳ
772 839 929 892 tragico
966 839 1213 892 conspicitur
1247 837 1436 890 insignita
1473 838 1583 889 (Poll.
1614 840 1672 879 lV
1703 839 1804 896 133).
1872 841 2014 891 Imago
2042 841 2203 880 inuenta
2231 854 2319 880 esse
2346 839 2470 880 fertur

274 907 350 945 ista
378 906 430 945 de
458 919 538 958 qua
565 907 699 957 agitur
725 911 842 945 extra
869 911 1030 958 portam
1060 904 1267 957 Capenam
1306 904 1408 943 inter
1443 904 1551 943 uiam
1579 904 1760 956 Appiam
1795 910 1837 944 et
1865 904 1970 944 uiam
1998 905 2186 946 Latinam
2215 905 2255 945 in
2282 904 2469 957 sepulcro

273 973 471 1021 quodam:
517 972 556 1009 in
597 973 742 1009 eodem
780 972 872 1009 loco
908 972 1185 1022 inscriptiones
1223 971 1327 1008 duae
1361 970 1531 1008 effossae
1568 982 1655 1008 esse
1697 970 1918 1016 traduntur,
1957 970 2081 1008 altera
2116 970 2272 1017 Latina,
2311 969 2468 1009 Graeca

274 1035 409 1083 altera,
440 1037 480 1075 in
507 1036 652 1087 quibus
693 1038 747 1075 M.
777 1037 889 1087 Ulpii
917 1036 1117 1076 Caritonis
1145 1037 1309 1074 Traiani
1346 1037 1599 1086 imperatoris
1635 1037 1657 1073 1.
1695 1036 1932 1073 memoriam
1972 1036 2161 1072 celebrari
2190 1036 2467 1073 Melchiorrius

274 1100 395 1140 docet
424 1100 448 1140 l.
478 1114 507 1140 s.
535 1114 573 1153 p.
604 1100 668 1142 99.
727 1099 843 1153 Quae
871 1100 1006 1141 omnia
1034 1114 1129 1141 num
1159 1106 1267 1141 recte
1297 1100 1421 1141 relata
1449 1101 1539 1149 sint,
1569 1100 1635 1140 alii
1666 1100 1858 1141 uiderint:
1905 1105 2084 1140 ceterum
2113 1099 2331 1151 imaginem
2358 1099 2467 1139 illam

274 1179 377 1204 aeuo
405 1167 568 1204 Traiani
605 1167 865 1205 recentiorem
901 1179 981 1205 non
1015 1179 1103 1204 esse
1141 1166 1394 1204 manifestum
1432 1172 1503 1213 est,
1541 1179 1633 1204 cum
1662 1179 1716 1205 ex
1746 1165 1927 1216 Helbigii
1973 1165 2063 1216 lege
2091 1170 2257 1216 propter
2298 1164 2468 1203 formam

274 1230 460 1280 imaginis
488 1244 578 1269 eam
607 1244 710 1281 quae
738 1237 923 1281 protome
952 1237 1118 1269 uocatur
1146 1230 1370 1269 Alexandri
1391 1232 1530 1281 Magni
1559 1231 1721 1269 saeculo
1750 1231 1952 1281 antiquior
1978 1243 2066 1269 esse
2094 1235 2204 1268 certe
2232 1242 2311 1267 non
2330 1229 2467 1280 possit.

275 1294 463 1334 Fortasse
493 1294 657 1334 libertus
685 1294 750 1333 ille
769 1294 930 1333 Traiani
960 1309 984 1334 a
1011 1295 1153 1334 studiis
1180 1295 1252 1335 fuit
1279 1302 1349 1335 aut
1376 1297 1563 1343 notarius,
1594 1303 1638 1335 ut
1666 1296 1893 1335 Aristarchi
1922 1296 2141 1346 imaginem
2171 1295 2283 1345 quasi
2311 1296 2468 1344 patroni

273 1365 314 1398 et
343 1359 524 1410 magistri
552 1366 593 1399 et
622 1360 720 1399 dum
749 1359 901 1399 uiueret
929 1359 1079 1399 coleret
1106 1366 1147 1399 et
1174 1366 1365 1399 mortuus.
1428 1361 1550 1400 Dicat
1585 1361 1746 1413 aliquis:
1789 1360 1942 1412 Quidni
1980 1360 2103 1400 etiam
2142 1359 2244 1399 aliae
2273 1359 2469 1410 imagines

273 1431 342 1464 aut
370 1431 581 1475 poetarum
610 1431 679 1464 aut
707 1425 1063 1474 grammaticorum
1092 1431 1160 1464 aut
1182 1431 1362 1464 actorum
1382 1431 1540 1475 praeter
1558 1426 1666 1464 illam
1687 1439 1809 1476 quam
1830 1425 2052 1476 Dionysius
2071 1424 2167 1463 feeit
2186 1424 2333 1463 eodem
2352 1424 2470 1474 signo

274 1489 509 1541 tragoediae
537 1490 665 1529 notari
693 1488 938 1541 potuerunt?
993 1489 1100 1529 Fieri
1142 1503 1237 1529 sane
1278 1491 1429 1541 potuit:
1473 1496 1609 1530 tamen
1651 1491 1728 1530 hoc
1765 1492 1886 1530 uelim
1925 1491 2158 1530 consideres
2192 1491 2233 1529 in
2269 1490 2468 1529 eiusmodi

213 1554 216 1559 '
274 1555 451 1593 minutiis
489 1555 685 1606 rebusque
720 1554 872 1606 pusillis
909 1554 1081 1593 artifices
1118 1554 1246 1593 aliena
1281 1555 1440 1594 inuenta
1477 1556 1639 1595 minime
1675 1556 1818 1596 sectari
1846 1556 1987 1604 solere,
2018 1555 2074 1595 ita
2103 1561 2148 1596 ut
2176 1555 2296 1607 plane
2323 1555 2468 1595 eadem

275 1621 427 1658 ratione
455 1626 577 1670 atque
606 1621 671 1659 alii
700 1620 973 1669 excogitarint
1000 1620 1096 1658 talia
1123 1620 1317 1670 effingant
1335 1626 1404 1658 aut
1422 1621 1522 1658 alius
1541 1621 1661 1658 alium
1682 1622 1721 1659 in
1740 1622 1938 1659 eiusmodi
1959 1620 2079 1658 rebus
2098 1620 2258 1671 exiguis
2278 1620 2465 1659 imitetur.

273 1683 451 1724 Accedit
478 1686 589 1736 quod
617 1685 745 1724 barba
782 1691 898 1724 tonsa
933 1684 1192 1735 neglegenter
1228 1685 1391 1735 egregie
1429 1686 1602 1724 concinit
1638 1699 1729 1724 eum
1767 1686 1927 1725 habitus
1968 1691 2009 1724 et
2037 1684 2168 1724 cultus
2195 1685 2464 1735 neglegentia,

274 1762 396 1801 quam
417 1749 691 1790 Callistratum
711 1750 751 1789 in
770 1748 1009 1789 Aristarcho
1028 1748 1328 1802 reprehendisse
1356 1750 1478 1790 tradit
1505 1751 1747 1802 epitomator
1766 1750 1967 1790 Athenaei
1987 1750 2005 1790 I
2024 1763 2062 1801 p.
2084 1749 2134 1790 21
2158 1749 2204 1790 C.
2254 1750 2466 1790 Postremo

274 1821 317 1853 ut
351 1828 431 1853 non
472 1816 688 1865 contigerit
731 1815 950 1865 imaginem
994 1814 1101 1852 illam
1131 1814 1398 1866 Capitolinam
1440 1815 1609 1866 probare
1651 1829 1737 1854 esse
1779 1815 2016 1863 Aristarchi,
2060 1821 2196 1855 tamen
2239 1815 2464 1855 Aristarchi

274 1880 493 1931 imaginem
522 1880 652 1931 qualis
679 1894 703 1919 a
733 1880 933 1930 Dionysio
960 1879 1067 1919 sacta
1095 1893 1181 1919 esse
1209 1880 1378 1919 traditur
1406 1880 1556 1919 iuuabit
1584 1894 1676 1919 cum
1705 1881 1772 1919 illa
1799 1880 2107 1931 comparauisse.

469 1945 512 1984 V.
572 1946 636 1985 De
677 1951 834 1984 saturae
875 1945 1083 1984 Romanae
1124 1945 1277 1996 origine
1311 1945 1442 1984 adhuc
1479 1946 1553 1984 sub
1589 1946 1719 1985 iudice
1748 1946 1795 1985 lis
1823 1952 1905 1985 est:
1950 1946 2064 1984 testis
2093 1958 2194 1984 unus
2222 1951 2264 1983 et
2291 1945 2466 1995 exiguae

273 2009 366 2048 fidei
408 2016 449 2049 et
490 2011 565 2049 seri
608 2011 801 2061 temporis
842 2023 971 2061 neque
1012 2011 1263 2060 incorruptus
1299 2010 1494 2049 Iohannes
1522 2011 1662 2061 Lydus
1705 2012 1755 2050 de
1784 2023 1890 2061 mag.
1922 2011 1939 2049 Ι
1967 2010 2022 2050 40
2049 2011 2117 2061 qui
2147 2011 2200 2049 de
2227 2011 2467 2049 comoediae

273 2081 426 2126 septem
456 2075 669 2126 generibus
697 2075 796 2114 haec
825 2075 1077 2126 profiteatur:
1103 2073 1155 2113 ‘ll
1176 2073 1296 2126 μέντοι
1315 2073 1491 2128 κωμῳδία
1511 2075 1673 2127 τέμνεται
1694 2075 1742 2119 εἰς
1763 2075 1852 2114 ἑπτὰ
1873 2099 1924 2103 -
1940 2073 2165 2127 (Ιίνϋωνική
2190 2074 2214 2127 ἡ
2234 2075 2388 2127 ἐξωτυιὴ
2421 2096 2467 2103 —-

273 2140 470 2193 προσθήσω
505 2138 566 2180 καὶ
595 2143 707 2180 τοῦτο.
758 2138 943 2180 Ῥίνῦωνα
979 2137 1040 2178 καὶ
1084 2137 1215 2191 Σκίραν
1252 2137 1314 2179 καὶ
1353 2138 1508 2180 Βλαῖσον
1543 2139 1603 2180 καὶ
1632 2140 1711 2184 τοὺς
1742 2137 1873 2184 ἄλλους
1901 2142 1968 2178 τῶν
1999 2137 2263 2193 Πυθαγορείων
2291 2138 2395 2192 ἴσμεν
2423 2138 2467 2179 οὐ

273 2207 405 2257 μικρῶν
433 2204 662 2257 ὖιὸαγμάτων
700 2202 759 2243 ἐπὶ
797 2207 858 2255 τῆς
896 2203 1055 2256 μεγάλης
1089 2203 1270 2248 Ἓλλάόος
1307 2205 1476 2256 γενέσθαι
1513 2205 1725 2257 καθηγητὰς
1763 2203 1823 2244 καὶ
1852 2204 2098 2257 ὃιαφερόνξως
2126 2205 2187 2244 τὸν
2210 2203 2399 2244 ζΡίνθωνοι
2429 2202 2467 2249 ὃς

273 2268 477 2321 ἑξαμέτροις
507 2268 642 2322 ἔγραψε
670 2271 805 2321 πρῶτος
834 2266 1039 2321 κωμῳδίαν.
1087 2268 1129 2312 ἐξ
1158 2264 1201 2306 οὗ
1237 2272 1374 2321 πρῶτος
1412 2257 1528 2321 λαβὼν
1566 2270 1627 2313 τὰς
1666 2269 1833 2322 ἀφορμὰς
1869 2268 2058 2313 Λουκίλιος
2094 2268 2114 2308 ὁ
2138 2268 2329 2321 Ἱ)ωμαῖος
2357 2269 2468 2321 ἡρωι-

271 2335 345 2376 κοῖς
389 2333 509 2372 ἔπεσιν
551 2333 782 2385 ἑκωμῴόησε.
839 2333 1061 2371 Comoedia
1103 2333 1178 2371 ista
1220 2346 1323 2382 quae
1351 2347 1374 2371 a
1402 2334 1633 2371 Rhinthone
1676 2334 1845 2371 heroicis
1888 2334 2070 2372 uersibus
2111 2335 2342 2384 conscripta
2380 2348 2468 2373 esse

273 2398 420 2436 dicitur
449 2398 615 2438 minime,
640 2398 692 2437 ad
721 2410 906 2437 scaenam
935 2396 1105 2448 pertinet
1133 2397 1205 2436 sed
1234 2409 1394 2437 carmen
1423 2398 1613 2437 lasciuum
1642 2405 1682 2437 et
1712 2398 1954 2437 maledicum
1983 2398 2063 2438 hoc
2084 2399 2247 2438 nomine
2275 2399 2467 2451 appellari

271 2470 459 2514 apparet:
499 2477 628 2514 neque
656 2464 761 2501 enim
790 2463 1000 2514 quisquam
1029 2475 1203 2512 unquam
1242 2464 1495 2501 comoediam
1531 2464 1761 2514 composuit
1788 2464 1961 2502 heroicis
1989 2464 2172 2503 uersibus
2209 2470 2250 2504 et
2283 2464 2466 2504 Plautum

272 2534 313 2567 et
334 2528 547 2567 Horatium
570 2527 817 2578 temporibus
845 2527 920 2565 illis
948 2528 1167 2565 comoedos
1196 2527 1257 2565 uel
1287 2528 1465 2566 comicos
1485 2529 1615 2566 dictos
1644 2542 1731 2566 esse
1751 2535 1921 2567 testatur
1941 2529 2122 2567 Isidorus
2140 2531 2241 2579 orig.
2264 2530 2363 2568 VIII
2386 2530 2420 2575 7,
2443 2531 2468 2567 6

276 2592 459 2633 Comoedi
483 2593 677 2644 appellati
701 2599 794 2633 sunt
818 2593 902 2632 siue
929 2606 955 2632 a
983 2592 1063 2631 loco
1091 2624 1098 2631 .
1131 2624 1138 2632 ,
1172 2624 1178 2632 .
1238 2591 1329 2632 Duo
1356 2599 1449 2632 sunt
1473 2600 1602 2632 autem
1625 2606 1784 2643 genera
1813 2595 2064 2635 comicorum.
2096 2595 2144 2634 ia'
2167 2601 2227 2635 est
2251 2601 2405 2634 ueteres
2433 2602 2471 2634 ct

272 2659 372 2698 noui.
441 2659 598 2698 Veteres
638 2660 708 2710 qui
748 2666 785 2698 el
816 2659 894 2697 ioco
932 2658 1171 2697 ridiculares
1205 2659 1410 2704 exsistunt,
1448 2665 1492 2697 ul
1528 2659 1695 2697 Plautus
1731 2659 1864 2699 Attius
1910 2660 2127 2699 Terentius.
2186 2660 2296 2699 Noui
2330 2661 2401 2711 qui
2432 2668 2471 2698 ct

270 2724 447 2774 sagyrici.
478 2738 504 2762 a
531 2724 671 2775 quibus
707 2723 957 2774 generaliter
997 2723 1095 2761 uitia
1124 2730 1356 2773 carpuntur,
1393 2731 1437 2762 ut
1469 2724 1636 2762 Flaccus
1675 2724 1843 2764 Persius
1882 2725 2087 2765 Rcuenalis
2129 2733 2166 2765 et
2199 2726 2283 2764 alii.
2345 2724 2467 2764 Vides

270 2788 534 2839 professorem
577 2789 780 2840 quendam
819 2787 1083 2839 Byzantinum
1125 2788 1177 2827 ad
1219 2787 1450 2840 exemplum
1492 2788 1730 2829 comoediae
1773 2789 1955 2830 Graecae
1997 2791 2107 2842 apud
2154 2790 2321 2830 Latinos
2367 2791 2467 2829 duas

270 2855 504 2892 comoedias
531 2854 795 2900 constituisse,
826 2853 990 2891 alteram
1020 2859 1194 2891 ueterem
1223 2853 1335 2891 cuius
1372 2859 1514 2903 poetas
1551 2855 1801 2893 enumerauit
1838 2860 1920 2894 tres
1948 2855 2064 2894 sicuti
2095 2854 2240 2894 Graeci
2276 2854 2464 2901 fecerunt,

271 2932 417 2957 nouam
455 2919 622 2958 alteram
668 2919 937 2958 satiricorum:
981 2918 1123 2957 horum
1165 2932 1260 2957 uero
1294 2919 1425 2957 triada
1453 2932 1477 2957 a
1507 2918 1703 2958 Suetonio
1731 2920 1820 2959 aliis
1848 2921 2110 2959 constitutam
2139 2921 2196 2959 ita
2224 2922 2395 2961 mutauit
2423 2928 2467 2959 ut

270 2983 429 3023 Lucilio
457 2983 588 3023 eiecto
616 2983 846 3023 quenalem
874 2982 1068 3035 reciperet
1095 2982 1134 3022 in
1171 2982 1363 3022 ordinem.
1431 2983 1741 3035 Praeceptorem
1777 2984 2048 3037 Byzantinum
2086 2985 2128 3025 id
2163 2998 2288 3037 genus
2325 2985 2466 3036 Lydus

269 3055 431 3088 secutus
458 3055 536 3089 est:
568 3061 660 3087 nam
689 3061 793 3100 quae
821 3050 872 3088 de
900 3048 1129 3096 Rhinthone
1157 3048 1300 3087 Lucilii
1338 3053 1503 3088 auctore
1539 3050 1732 3100 exposuit
1766 3063 1899 3090 merae
1935 3063 2066 3102 nugae
2094 3056 2196 3099 sunt,
2241 3051 2272 3089 si
2301 3050 2464 3101 quidem

270 3127 350 3153 non
377 3115 559 3154 Rhintho
585 3115 739 3165 primus
767 3112 936 3165 ἡρωικοῖς
964 3112 1085 3152 ἔπεσιν
1121 3112 1344 3165 ἐκωμῴὸησε
1380 3115 1452 3152 sed
1489 3114 1690 3163 Margitae
1727 3121 1886 3154 auctor.
1905 3116 2044 3166 Pigres
2081 3115 2147 3154 alii
2190 3128 2318 3166 neque
2345 3115 2464 3153 hexa-

271 3178 407 3218 metris
434 3178 528 3219 inde
556 3179 609 3218 ab
637 3179 750 3218 initio
777 3178 910 3230 poesis
937 3191 1032 3217 suae
1059 3184 1212 3218 saturas
1239 3178 1468 3229 composuit
1488 3178 1667 3218 Lucilius
1695 3181 1768 3220 sed
1788 3181 1988 3220 trochaeis
2016 3187 2057 3220 et
2080 3180 2235 3220 iambis.
2293 3179 2463 3219 Comoe-

270 3243 378 3285 diam
408 3250 586 3285 ueterem
614 3244 813 3284 Lucilium
842 3249 1023 3283 secutum
1052 3256 1138 3283 oese
1166 3242 1295 3283 multo
1322 3244 1469 3284 rectius
1508 3244 1702 3285 Horatius
1739 3247 1930 3298 exposuit
1966 3253 2037 3286 sat.
2066 3246 2084 3284 1
2112 3246 2138 3285 4
2171 3258 2299 3295 neque
2327 3245 2462 3283 statim

2163 3307 2205 3345 2*
