2720 3743
276 184 324 226 12

272 315 325 353 ab
365 316 478 355 initio
522 328 709 355 numeros
751 316 956 366 pedesque
1001 315 1182 361 mutauit,
1226 316 1297 354 sed
1336 315 1480 353 sensim
1517 320 1557 353 et
1594 314 1884 365 pedetemptim
1921 314 2181 354 hexametros
2218 325 2358 362 ,uersus
2386 312 2472 364 ipse

272 381 472 419 intellexit
500 382 553 419 ad
582 387 737 419 saturas
764 380 997 418 scribendas
1034 393 1122 418 csse
1160 381 1352 430 aptiores:
1392 381 1497 418 unde
1534 386 1701 430 apparet
1738 380 1947 430 Byzantini
1986 379 2053 418 illa
2089 392 2193 429 quae
2220 384 2408 418 secuntur
2435 378 2470 422 ἐξ

273 441 316 484 οὗ
346 448 484 497 πρῶτος
513 444 632 496 λαβὼν
661 444 724 488 τὰς
753 442 920 497 ἀφορμὰς
952 442 1139 487 ,Χουκίλιος
1168 443 1188 482 ὁ
1213 443 1401 495 Ῥωμαῖος
1429 443 1599 495 ἡγωικοῖς
1637 442 1757 482 ἔπεσιν
1793 442 2018 496 ἐκωμῴδησε
2045 457 2132 482 esse
2160 444 2469 494 pcruersissima.

274 510 381 549 Num
426 511 512 561 ipse
555 510 733 549 Lucilius
774 509 1031 548 comoediam
1075 514 1253 548 ueterem
1296 515 1518 548 saturarum
1558 522 1717 548 suarum
1755 515 1924 548 matrem
1967 514 2036 548 aut
2077 508 2272 548 nutricem
2310 507 2469 554 dixerit,

273 589 415 626 parum
446 581 624 614 constat:
670 575 770 613 liber
812 574 977 613 XXVII
1020 580 1128 613 certe
1171 575 1435 624 parabasibus
1479 575 1554 613 illis
1596 575 1843 614 comicorum
1885 573 2109 613 simillimus
2144 580 2215 620 est,
2260 574 2299 612 in
2326 572 2471 624 quibus

273 639 570 690 Aristophanes
599 638 892 677 Archilochum
922 645 982 677 est
1010 645 1181 684 secutus,
1213 639 1392 677 Lucilius
1421 640 1565 678 imitari
1597 640 1755 680 uidetur
1784 645 2004 688 utrumque.
2055 638 2160 676 Nam
2180 633 2472 676 Archilochum

273 704 377 742 libro
406 703 558 742 XXVII
587 708 628 741 et
657 702 837 741 nominat
873 708 914 741 et
952 702 1181 753 praeclaros
1215 701 1319 740 illius
1354 717 1491 742 uersus
1529 703 1748 754 quadratos
1776 700 1877 755 Θυμὲ
1907 699 1997 754 θύμ’
2030 699 2252 755 ἀμηχάνοισι
2285 702 2474 741 tractauit

273 770 454 807 uersibus
483 769 572 807 651.
604 768 695 807 656.
727 769 818 807 626.
850 768 928 807 655
959 768 1012 806 L:
1045 768 1125 806 noli
1155 768 1282 817 nimis]
1325 782 1371 806 re
1407 770 1448 807 in
1487 769 1658 806 secunda
1695 768 1831 805 tollere
1865 767 2018 805 animos
2045 767 2087 804 in
2115 767 2227 806 mala
2255 767 2471 805 demittere.

272 841 445 873 ceterum
487 834 587 884 quid
622 834 677 872 sit
716 833 818 883 quid
854 847 929 872 non
971 835 1025 872 sit
1053 835 1168 883 ferto
1210 847 1331 883 ‹wquo
1373 835 1505 872 animo
1532 847 1580 872 ac
1608 834 1780 882 sortiter
1820 833 2078 881 animumque
2120 844 2280 880 semper
2308 832 2363 870 ita
2392 832 2472 870 sere

270 898 488 948 castigato:
520 897 646 948 paulo
682 897 754 935 hoc
783 897 925 935 melius
965 911 1085 950 qnam
1115 896 1322 942 mediocre,
1360 897 1431 935 hoc
1459 896 1579 935 minu'
1610 896 1759 935 malum
1788 908 1907 948 quam
1936 901 1996 934 est
2012 894 2235 947 pessimum
2279 891 2353 946 (καὶ
2382 892 2473 949 μήτε

271 966 374 1001 νικῶν
417 962 592 1013 ἀμφάὸην
635 962 797 1013 ἀγάλλεο
841 963 949 1013 Μήτε
990 961 1150 1012 νικηθεὶς
1192 963 1229 999 ἐν
1272 960 1361 1012 οἴκῳ
1403 961 1613 999 καταπεσὼν
1655 960 1805 1011 ὀδύρεο·
1844 959 1953 999 Ἀλλὰ
1992 958 2177 1012 χαρτοῖσίν
2205 974 2245 997 τε
2272 962 2381 1012 χαῖρε
2410 959 2471 998 καὶ

272 1027 434 1066 κακοῖσιν
454 1024 606 1080 ἀσχάλα
628 1025 693 1079 Μὴ
715 1024 794 1079 λίην
814 1026 929 1078 frgm.
953 1027 1004 1066 66
1026 1026 1071 1076 B)
1101 1026 1215 1065 addit
1244 1026 1414 1077 denique
1443 1025 1577 1065 slletm)
1597 1031 1640 1065 ut
1653 1025 1758 1077 fieri
1784 1025 1935 1076 possit:
1964 1037 2062 1076 ergo
2089 1025 2136 1064 ob
2163 1024 2234 1064 hoc
2261 1026 2374 1076 (ergo
2393 1037 2474 1076 quo

272 1093 409 1139 codd.)
438 1093 491 1129 ab
511 1092 750 1131 Archilocho
777 1092 924 1129 excido.
974 1091 1020 1127 In
1040 1092 1184 1128 eodem
1210 1091 1312 1127 libro
1331 1091 1470 1140 poesin
1499 1103 1613 1127 suam
1642 1091 1847 1142 ὀημωφελῆ
1876 1090 1981 1128 dixit
2008 1102 2175 1140 seseque
2203 1090 2475 1141 pronuntiauit

274 1157 388 1206 quasi
427 1154 639 1200 ἀλεξίκακον
676 1159 738 1206 τῆς
775 1154 897 1207 χώρας
933 1157 1037 1206 τῆςῦε
1075 1154 1261 1206 καθαρτήν
1290 1154 1512 1204 (Aristoph.
1545 1155 1668 1204 Vesp.
1704 1155 1821 1203 1043)
1864 1155 2045 1193 uersibus
2074 1155 2166 1192 illis:
2213 1155 2314 1192 Rem
2335 1156 2478 1203 populi

274 1220 402 1260 salute
430 1226 468 1260 et
481 1220 593 1273 fictis
624 1220 807 1260 uersibus
835 1219 1012 1260 Lucilius
1045 1218 1186 1268 Qm·bu’
1216 1225 1348 1270 potest
1373 1218 1553 1269 impertit
1578 1225 1771 1271 totumque
1798 1218 1869 1259 hoc
1896 1219 2067 1259 studiose
2093 1225 2132 1259 et
2155 1219 2290 1259 sedulo
2318 1219 2394 1259 (531
2426 1219 2471 1258 L.

274 1285 377 1323 conf.
409 1285 617 1336 Aristoph.
650 1286 750 1323 Ran.
781 1285 860 1324 686
888 1284 948 1323 τὸν
978 1284 1072 1337 ἱερὸν
1100 1284 1211 1338 χορὸν
1240 1282 1379 1322 δίκαιόν
1409 1284 1484 1322 ἐστι
1511 1283 1654 1337 χρηστὰ
1682 1283 1726 1336 τὴ
1756 1283 1862 1323 πόλει
1889 1283 2155 1337 Ξυμπαραινεῖν
2193 1282 2255 1323 καὶ
2284 1282 2475 1324 διδάσκειν.

275 1350 460 1389 Palladas
487 1351 540 1388 A.
574 1351 613 1388 P.
643 1350 699 1389 XI
728 1350 803 1389 291
836 1348 867 1388 τί
895 1348 1087 1402 ὠφέλησας
1115 1349 1179 1400 τὴν
1207 1348 1311 1387 πόλιν
1341 1348 1484 1403 στίχους
1513 1348 1662 1402 γράφων
1691 1352 1764 1387 κτλ.
1820 1350 1928 1388 Tum
1957 1351 2205 1388 comicorum
2237 1352 2360 1389 modo
2388 1363 2475 1389 Sese

274 1415 425 1456 scelera
453 1415 701 1467 prolaturum
732 1416 903 1455 minatur
939 1429 973 1454 u.
1005 1415 1085 1455 670
1123 1414 1225 1454 conf.
1257 1414 1466 1466 Aristoph.
1498 1414 1624 1466 Vesp.
1658 1414 1762 1453 1036
1792 1413 1889 1453 Hor.
1921 1420 1993 1453 sat.
2022 1415 2040 1454 I
2068 1414 2095 1454 4
2126 1416 2160 1454 1.

470 1481 608 1532 Itaque
636 1494 805 1532 poeseos
833 1480 1063 1521 Lucilianae
1093 1480 1328 1520 charactera
1347 1480 1571 1531 Luciliique
1600 1477 1768 1533 ἀφορμάς
1796 1479 2014 1519 rectissime
2043 1479 2262 1520 declarauit
2282 1480 2475 1520 Horatius

273 1548 357 1584 siue
392 1547 478 1596 ipse
514 1560 600 1584 sese
637 1546 814 1584 Lucilius
850 1545 1070 1596 appellauit
1106 1546 1393 1596 Aristophanis
1432 1546 1673 1595 discipulum
1712 1546 1797 1582 siue
1835 1545 2029 1583 Horatius
2068 1545 2109 1584 id
2138 1546 2363 1596 suspicatus
2391 1551 2474 1595 est3

274 1611 417 1662 ineptit
450 1611 602 1662 Lydus.
663 1611 783 1651 Unde
825 1610 933 1650 illam
977 1612 1027 1650 de
1066 1611 1224 1650 Lucilio
1252 1610 1493 1649 Rhinthonis
1535 1610 1694 1649 aemulo
1722 1610 1898 1649 fabulam
1928 1610 2104 1649 hauserit
2131 1611 2348 1649 nescimus:
2393 1613 2474 1649 ueri

272 1675 516 1714 simillimum
561 1675 656 1714 mihi
696 1676 854 1715 uidetur
888 1675 1052 1726 Lydum
1095 1680 1404 1727 praeceptorum
1436 1674 1750 1726 Byzantinorum
1788 1674 1856 1726 qui
1894 1674 2076 1714 satiricos
2112 1674 2476 1727 interpretabantur

272 1747 340 1779 aut
369 1741 528 1778 scholas
556 1741 702 1779 adiisse
731 1747 800 1778 aut
828 1741 1151 1779 commentarios.
1224 1741 1345 1778 Persii
1385 1746 1618 1778 commento
1652 1752 1744 1777 cum
1774 1752 1889 1777 usum
1918 1752 2005 1778 esse
2034 1740 2326 1778 demonstrauit
2355 1740 2474 1777 Fran-

273 1805 402 1843 ciscus
439 1804 679 1843 Buecheler:
725 1804 826 1843 conf.
868 1804 1148 1855 Christophori
1188 1804 1382 1854 Stephani
1426 1805 1592 1843 doctum
1631 1805 1682 1843 de
1712 1804 1941 1843 Pithoeanis
1977 1805 2017 1843 in
2051 1805 2278 1843 quenalem
2314 1804 2476 1842 scholiis

274 1869 452 1909 libellum
492 1869 656 1909 Bonnae
689 1868 792 1908 1⁸82
831 1868 986 1908 editum
1020 1882 1058 1920 p.
1089 1869 1152 1908 23.
1225 1868 1387 1908 Etenim
1431 1882 1479 1908 ea
1521 1882 1624 1920 quae
1666 1874 1851 1908 secuntur
1892 1869 2001 1920 apud
2044 1869 2207 1920 Lydum
2249 1882 2475 1908 sermonem

275 1936 465 1973 Latinum
504 1935 703 1973 redolent:
750 1932 837 1984 μεθ’
871 1930 910 1971 ὃν
947 1932 1007 1972 καὶ
1037 1933 1117 1976 τούς
1154 1932 1234 1984 μετ’
1269 1931 1376 1971 αὐτὸν
1415 1931 1476 1976 οὓς
1513 1936 1665 1972 καλοῦσι
1687 1932 1872 1985 Ῥωμαῖοι
1912 1933 2121 1986 σατυρικοὺς
2150 1933 2183 1972 οἱ
2221 1932 2388 1986 νεώτεροι
2415 1932 2475 1971 τὸν

280 1997 458 2051 Κρατίνου
488 1996 549 2036 καὶ
577 1996 778 2041 Ι·’,ὐπόλιῦος
806 2000 1021 2051 χαρακτῆρα
1054 1996 1276 2048 ζηλώσαντες
1305 1999 1376 2042 τοῖς
1405 1996 1469 2050 μὲν
1494 1996 1693 2042 Ῥίνθωνος
1723 1998 1862 2051 μέτροις
1891 2000 1962 2042 τοῖς
1991 1997 2032 2037 δὲ
2060 2001 2128 2037 τῶν
2157 1997 2475 2051 μνημονευθέντων

277 2065 485 2115 ὖιασυρμοῖς
514 2062 740 2116 χρησάμενοι
770 2062 834 2113 τήν
864 2061 1054 2114 σατυρικὴν
1093 2061 1287 2114 ἑκροίτυναν
1325 2061 1539 2115 κωμῳδίαν·
1578 2061 1744 2114 Ὃροίτιος
1780 2062 1845 2114 μὲν
1880 2061 1945 2102 οὐκ
1983 2062 2051 2108 ἔξω
2089 2067 2151 2114 τῆς
2179 2063 2308 2115 τέχνης
2335 2067 2476 2115 χωρῶν,

279 2128 432 2181 ΙΙέρσιος
469 2126 510 2167 δὲ
547 2126 608 2167 τὸν
645 2126 796 2179 ποιητὴν
835 2125 1021 2180 Σώφρωνα
1059 2125 1288 2179 μιμήσασθαι
1328 2127 1445 2167 θέλων
1483 2127 1521 2167 τὸ
1552 2126 1780 2181 Λυκόφρονος
1809 2129 1996 2181 παρῆλθεν
2025 2126 2199 2181 ἀμαυρόν.
2251 2127 2405 2181 Ἰὀῦρνος
2434 2127 2475 2168 δὲ

277 2192 338 2232 καὶ
364 2192 606 2245 Ἰουβενοίλιος
644 2190 704 2229 καὶ
736 2191 932 2244 Πετρώνιος
964 2190 1118 2230 αὐτόθεν
1147 2193 1223 2236 ταῖς
1258 2191 1451 2245 λοιδορίαις
1489 2192 1740 2238 ἐπεξελθόντες
1778 2193 1837 2231 τὸν
1877 2192 2064 2246 σατυρικὸν
2093 2192 2199 2246 νόμον
2228 2192 2475 2247 παρέτρωσαν.

279 2256 354 2298 Καὶ
383 2261 498 2297 ταῦτα
528 2255 592 2308 μὲν
622 2254 702 2309 περὶ
731 2259 792 2308 τῆς
822 2255 979 2309 ἀρχαίας
1008 2255 1203 2308 κωμῳδίας
1231 2251 1270 2295 τε
1289 2256 1350 2296 καὶ
1370 2257 1580 2310 τραγῳδίας.
1624 2258 1747 2308 Quod
1777 2260 1829 2297 de
1858 2259 1993 2297 Persio
2023 2259 2246 2309 Sophronis
2274 2260 2475 2298 imitatore

277 2323 402 2361 tradit
430 2322 499 2372 qui
535 2322 779 2360 obscuritate
815 2321 1127 2371 Lycophronem
1167 2323 1379 2361 antecedat
1418 2322 1511 2361 nihil
1548 2323 1600 2361 ad
1639 2335 1742 2361 rem:
1788 2323 1885 2361 illud
1924 2323 2153 2362 consideres
2191 2323 2323 2370 uelim,
2363 2324 2474 2373 quod

277 2387 508 2426 quenalem
538 2387 636 2424 dicit
665 2386 795 2435 legem
825 2391 982 2425 saturae
1011 2386 1181 2433 laesisse,
1227 2387 1440 2426 Horatium
1481 2387 1581 2426 ultra
1620 2387 1750 2437 legem
1781 2400 1859 2426 non
1888 2388 2147 2437 processisse:
2187 2388 2298 2438 quod
2329 2393 2474 2426 utrum·

276 2464 356 2501 que
384 2463 438 2489 ex
467 2450 638 2488 satiricis
666 2450 760 2501 ipsis
790 2450 1007 2489 deductum
1037 2464 1123 2490 esse
1151 2451 1333 2490 arbitror.
1390 2451 1496 2489 Nam
1525 2457 1566 2490 et
1596 2451 1788 2490 Horatius
1816 2457 1950 2490 satura
1978 2452 2018 2491 II
2050 2453 2092 2491 1:
2139 2452 2241 2491 Sunt
2265 2452 2406 2502 quibus
2434 2453 2474 2490 in

275 2523 420 2554 satura
449 2515 588 2553 uideor
616 2505 735 2553 niun's
763 2529 858 2553 acer
885 2523 923 2553 et
948 2516 1058 2554 ultra
1088 2516 1234 2564 chem
1263 2518 1422 2554 tendere
1450 2523 1546 2564 opus
1574 2529 1661 2553 sese
1689 2514 1756 2553 οὐκ
1785 2515 1853 2559 ἔξω
1882 2520 1945 2566 τῆς
1973 2516 2102 2567 τέχνης
2130 2518 2264 2568 χωρεῖν
2293 2517 2476 2554 euincere

275 2579 351 2618 sibi
373 2578 481 2618 uisus
500 2583 560 2618 est
585 2583 625 2617 et
645 2578 840 2618 quenalis
860 2578 917 2617 VI
938 2578 1015 2619 635
1040 2591 1130 2618 cum
1155 2579 1356 2631 scripserit
1386 2579 1597 2629 Fingimus
1626 2579 1723 2619 haec
1742 2579 1867 2619 altum
1886 2586 2029 2620 satura
2047 2587 2223 2620 sumente
2241 2580 2475 2619 cothurnum

276 2645 437 2683 Scilicet
462 2650 500 2682 et
533 2643 652 2682 finem
691 2645 838 2693 egressi
875 2644 1088 2695 legemque
1123 2646 1298 2695 priorum
1335 2644 1498 2682 Grande
1527 2645 1736 2694 Sophocleo
1764 2657 1926 2683 carmen
1955 2645 2196 2683 bacchamur
2224 2645 2336 2683 hiatu
2365 2644 2475 2683 Mon-

274 2710 380 2748 tibus
407 2709 585 2758 Ignotum
615 2709 775 2747 Rutulis
803 2710 985 2758 caeloque
1013 2709 1154 2747 Latino
1183 2716 1320 2759 aperte
1348 2710 1433 2758 egit
1462 2710 1513 2747 de
1541 2716 1674 2747 satura
1702 2723 1773 2747 sua
1803 2710 1912 2758 leges
1940 2711 2117 2758 priorum
2146 2723 2317 2758 egressa.

473 2773 615 2824 Itaque
653 2772 774 2823 Lydo
812 2773 1004 2812 maiorem
1042 2772 1164 2812 fidem
1203 2785 1282 2811 non
1321 2773 1558 2812 habebimus
1596 2786 1717 2823 quam
1755 2773 1910 2812 Isidoro
1938 2779 1978 2812 et
2007 2773 2209 2812 Euanthio
2239 2773 2474 2824 Byzantino,

274 2840 343 2890 qui
387 2844 566 2877 saturam
609 2839 700 2876 item
737 2850 868 2888 genus
910 2838 1129 2877 comoediae
1170 2851 1256 2876 esse
1293 2838 1439 2877 doceat
1481 2839 1546 2887 (de
1574 2844 1674 2888 trag.
1706 2843 1746 2876 et
1774 2850 1877 2876 com.
1909 2838 1948 2876 in
1976 2838 2071 2877 edit.
2101 2838 2261 2878 Terent.
2291 2839 2424 2878 Klotz.
2456 2839 2475 2877 I

274 2918 313 2956 p.
345 2902 446 2944 XIII
476 2903 562 2953 23):
608 2909 648 2943 et
690 2903 877 2943 Donatus
921 2902 957 2951 (l.
988 2916 1017 2941 S.
1049 2917 1086 2953 p.
1120 2901 1234 2942 XVII
1263 2903 1328 2952 31)
1371 2909 1412 2943 et
1454 2903 1678 2942 Euanthius
1720 2910 1760 2942 et
1802 2904 1945 2954 Lydus
1991 2910 2146 2955 septem
2196 2904 2276 2943 fere
2328 2918 2476 2955 genera

274 2969 514 3008 comoediae
543 2974 779 3007 enumerant
814 2968 853 3005 in
888 2967 1033 3018 quibus
1062 2967 1374 3007 Rhinthonicam
1411 2969 1463 3007 ab
1499 2969 1672 3007 aratoris
1707 2969 1861 3007 nonu'ne
1897 2968 1952 3008 ita
1991 2974 2188 3017 uocatam,
2227 2970 2299 3009 sed
2337 2969 2394 3009 ita
2432 2975 2475 3009 ut

273 3036 383 3086 apud
414 3035 623 3073 Donatum
653 3033 802 3072 satirici
832 3034 1009 3071 nondum
1040 3034 1078 3071 in
1107 3034 1273 3072 comicis
1302 3040 1567 3072 numerentur.
1627 3032 1749 3083 Quod
1780 3033 1848 3071 illo
1875 3047 1970 3073 sane
1998 3034 2147 3073 factum
2176 3048 2263 3073 esse
2292 3040 2475 3086 tempore

273 3106 455 3153 apparet,
486 3113 570 3150 quo
597 3099 866 3149 grammatica
885 3098 1018 3137 Roma
1039 3098 1430 3150 Constantinopolim
1460 3105 1712 3138 concesserat
1740 3112 1867 3150 neque
1897 3100 2062 3139 Donato
2090 3100 2278 3139 Romano
2307 3100 2475 3150 dignun.

273 3172 334 3205 est
363 3166 583 3211 inuentum,
613 3164 685 3203 sed
715 3162 928 3202 Euanthiis
956 3169 996 3202 et
1025 3163 1266 3214 Byzantinis,
1297 3163 1441 3215 quibus
1470 3164 1521 3203 de
1552 3164 1736 3204 uocabuli
1772 3162 1949 3217 κωμῳδία
1985 3164 2277 3216 significatione
2311 3165 2475 3217 ancipiti

273 3230 483 3281 ambigere
512 3230 670 3268 liceret:
703 3241 783 3279 qua
812 3229 864 3267 de
893 3241 935 3267 re
955 3228 1058 3267 conf.
1078 3229 1124 3267 E.
1147 3229 1293 3268 Rhode
1323 3230 1408 3268 Der
1436 3229 1685 3280 griechische
1704 3230 1864 3269 Roman
1891 3243 1930 3281 p.
1953 3229 2029 3269 351
2052 3230 2142 3269 adn.
2168 3231 2201 3269 1.
2247 3229 2292 3270 C.
2310 3229 2475 3270 Wachs-
