2720 3743
456 1267 596 1329 Bnes
634 1289 775 1327 Ianum
813 1296 904 1327 sunt
930 1290 1082 1339 prima.
1150 1290 1284 1339 Quam
1322 1291 1559 1328 sententiam
1589 1290 1785 1328 Varronis
1823 1291 1945 1339 (apud
1985 1290 2201 1339 Augustin.
2232 1291 2283 1327 de
2311 1291 2386 1327 ciu.
2419 1291 2457 1327 d.

261 1353 340 1392 VII
368 1353 407 1401 9)
436 1358 606 1399 secutuS,
636 1352 930 1391 commilitones
957 1353 1241 1401 humanissimi,
1282 1355 1320 1392 in
1349 1353 1546 1404 principio
1575 1353 1691 1392 huius
1720 1354 1842 1392 libelli
1873 1354 2149 1404 quaestionem
2188 1354 2239 1393 de
2269 1353 2350 1393 Iani
2390 1355 2455 1393 dei

261 1424 401 1455 natura
429 1429 717 1467 saepenumero
754 1418 1001 1468 propositam
1038 1418 1191 1456 soluere
1228 1419 1407 1456 conabor
1440 1418 1511 1456 sed
1547 1419 1603 1456 ita
1639 1424 1681 1456 ut
1709 1418 1813 1456 hanc
1842 1418 2096 1469 potissimum
2128 1430 2210 1456 rem
2240 1418 2455 1469 suscipiam

260 1482 545 1532 explicandam
580 1496 756 1531 quonam
786 1482 868 1520 iure
896 1483 1069 1532 priscum
1098 1483 1193 1521 illud
1223 1484 1412 1522 Italorum
1451 1496 1596 1520 numen
1634 1484 1727 1520 inde
1756 1484 1808 1520 ab
1838 1483 2112 1532 Aboriginum
2142 1484 2455 1532 Faunorumque

260 1552 393 1586 aetate
417 1545 590 1586 artifices
609 1545 763 1598 bicipiti
792 1546 832 1585 in
859 1546 1019 1598 templis
1046 1552 1087 1586 et
1115 1547 1289 1587 delubris
1316 1546 1539 1587 effinxerint
1568 1546 1753 1597 imagine.
1795 1546 1935 1598 Atque
1955 1547 2078 1587 nolite
2101 1553 2244 1599 putare
2273 1547 2456 1587 homines

260 1625 332 1662 per
360 1612 467 1649 mille
491 1624 617 1649 annos
644 1624 714 1649 eos
742 1624 843 1661 quos
871 1624 944 1649 nos
971 1613 1114 1649 nostris
1141 1612 1477 1651 lucubrationibus
1505 1612 1743 1662 perlustrare
1771 1612 1947 1651 solemus
1970 1624 2063 1650 cum
2093 1613 2213 1650 deum
2243 1618 2331 1651 ture
2361 1613 2455 1651 uino

260 1676 344 1716 libo
381 1676 482 1716 farre
517 1676 672 1728 piarent
709 1681 818 1716 recte
853 1676 1094 1716 intellexisse
1129 1677 1344 1717 etiamtunc
1381 1690 1470 1717 eam
1499 1690 1620 1729 quam
1650 1677 1768 1728 prisci
1808 1677 1862 1716 illi
1891 1677 2118 1729 significare
2147 1678 2358 1718 uoluerunt
2387 1680 2452 1717 dei

261 1749 442 1782 naturam
481 1742 645 1794 ancipiti
684 1742 821 1793 signo:
861 1742 1008 1781 etenim
1046 1755 1171 1782 uanae
1206 1743 1456 1782 coniecturae
1492 1748 1582 1781 sunt
1619 1755 1722 1793 quae
1750 1742 1884 1781 Varro
1913 1742 1936 1781 1.
1967 1756 1996 1781 s.
2028 1755 2133 1794 quae
2160 1742 2334 1782 Ouidius
2363 1743 2453 1793 fast,

260 1809 277 1847 1
301 1809 377 1848 103
404 1821 515 1858 seqq.
547 1814 754 1858 postremo
782 1822 885 1859 quae
916 1808 1083 1858 Procop.
1114 1809 1165 1847 de
1193 1809 1299 1847 bello
1328 1808 1447 1847 Goth.
1479 1808 1568 1846 125
1595 1809 1647 1846 de
1675 1809 1772 1846 Iano
1800 1809 1965 1857 gemino
1992 1811 2278 1858 exposuerunt.
2338 1808 2454 1859 Quos

259 1873 385 1910 secuti
420 1885 513 1909 cum
553 1873 626 1909 uiri
663 1873 773 1910 docti
812 1873 894 1910 Iani
934 1879 1056 1924 caput
1093 1873 1244 1924 duplex
1281 1874 1336 1911 ita
1373 1874 1688 1923 interpretentur,
1729 1879 1773 1911 ut
1809 1874 1921 1923 quasi
1962 1872 2098 1912 Solem
2141 1878 2357 1924 utrumque
2393 1873 2454 1912 τὸν

259 1936 454 1991 ἀνίσχοντα
482 1942 604 1988 atque
632 1937 691 1976 τὸν
721 1936 851 1977 δύοντα
886 1938 943 1977 ita
970 1937 1182 1988 significari
1212 1937 1428 1989 Ianumque
1458 1937 1563 1977 Solis
1597 1943 1637 1976 et
1675 1937 1837 1976 orientis
1871 1944 1913 1976 et
1950 1938 2173 1976 occidentis
2210 1937 2323 1988 quasi
2363 1938 2454 1977 iani-

260 2009 388 2041 torem
418 2015 505 2041 esse
533 2003 734 2041 coniciant
762 2002 884 2041 ueluti
907 2002 1055 2040 Preller
1082 2003 1243 2052 eiusque
1271 2001 1528 2053 ὃιασκευαστής
1558 2002 1724 2052 mythol.
1744 2002 1862 2040 Rom.
1885 2015 1923 2052 p.
1950 2002 2035 2048 168,
2066 2008 2154 2040 tota
2182 2003 2247 2040 uia
2275 2010 2456 2041 errarunt

261 2081 325 2106 me
353 2067 484 2106 iudice
511 2067 816 2118 simplicemque
854 2068 1038 2117 imaginis
1074 2067 1384 2118 explicationem
1422 2068 1618 2117 aspernati
1656 2068 1694 2104 in
1732 2067 2091 2116 grammaticorum
2129 2079 2255 2116 gyros
2290 2068 2456 2106 deducti

259 2138 350 2171 sunt
379 2131 690 2183 inexplicabiles.
749 2131 949 2172 Nimirum
986 2131 1082 2171 illud
1120 2133 1228 2183 quod
1266 2131 1484 2183 Procopius
1521 2131 1584 2171 alii
1623 2132 1674 2171 de
1703 2131 1799 2170 Iano
1829 2130 2002 2171 referunt
2029 2133 2141 2182 quod
2171 2133 2235 2171 τοῦ
2263 2130 2458 2183 προσώπου

260 2196 412 2250 θάτερον
441 2195 506 2249 μὲν
534 2195 622 2250 πρὸς
650 2194 844 2250 ἀνίσχοντα
871 2195 912 2235 τὸ
940 2194 982 2235 δὲ
1006 2195 1125 2249 ἕτερον
1144 2195 1237 2250 πρώς
1264 2194 1392 2235 δύοντα
1420 2192 1520 2248 ἥλιον
1548 2195 1752 2249 τέτραπται,
1782 2196 1823 2234 id
1853 2195 2033 2234 omnium
2064 2197 2234 2235 deorum
2263 2197 2457 2236 omnium-

259 2275 337 2313 que
370 2263 551 2301 sanorum
580 2274 795 2300 commune
824 2274 911 2300 esse
938 2262 1054 2300 facile
1082 2268 1268 2312 apparet:
1308 2262 1416 2312 quod
1455 2262 1505 2299 de
1541 2262 1637 2299 Iano
1674 2261 1880 2311 utriusque
1916 2261 2024 2299 Solis
2060 2262 2229 2300 ianitore
2266 2263 2456 2313 suspicati

258 2335 361 2374 sunt,
392 2328 486 2367 ideo
513 2334 619 2366 stare
648 2327 796 2378 nequit,
827 2327 937 2377 quod
966 2327 1030 2365 dei
1060 2340 1140 2365 non
1166 2328 1294 2365 solum
1323 2326 1503 2365 bifrontis
1531 2328 1602 2366 sed
1627 2327 1749 2365 etiam
1770 2326 2057 2377 quadrifrontis
2076 2328 2268 2366 exstabat
2298 2329 2456 2377 imago:

260 2393 311 2431 de
349 2393 460 2431 cuius
497 2392 685 2444 imaginis
721 2390 1013 2443 significatione
1051 2391 1182 2443 inepte
1219 2390 1462 2431 hariolantur
1499 2390 1695 2431 Macrobii
1725 2389 1757 2439 (Ι
1786 2390 1825 2440 9)
1856 2389 2068 2443 Seruiique
2098 2392 2164 2442 (ad
2193 2391 2320 2443 Verg.
2353 2391 2455 2431 Aen.

261 2458 338 2496 VlI
367 2459 462 2508 607)
491 2464 676 2497 auctores
705 2458 757 2496 de
785 2462 976 2507 quattuor
1003 2457 1174 2495 climatis
1201 2462 1439 2508 quattuorue
1466 2456 1566 2494 caeli
1595 2456 1826 2506 regionibus
1854 2456 2111 2494 somniantes.

454 2522 564 2573 Quid
594 2523 716 2573 igitur
734 2522 930 2573 cogitauit
958 2522 1023 2561 ille
1042 2522 1219 2572 quisquis
1247 2521 1319 2560 fuit
1338 2521 1479 2560 artifex
1500 2522 1565 2571 qui
1590 2522 1743 2571 primus
1763 2522 1884 2560 deum
1916 2522 1972 2559 ita
1990 2520 2280 2574 πολυπρόσωπον
2309 2522 2460 2573 fingere

259 2593 320 2626 est
347 2586 490 2625 ausus?
542 2587 776 2638 Religiones
804 2587 1045 2638 populorum
1073 2599 1173 2637 quas
1201 2598 1249 2624 ne
1277 2586 1424 2637 posteri
1453 2586 1616 2637 quidem
1646 2585 1803 2624 illorum
1833 2586 1902 2637 qui
1932 2598 2001 2624 eas
2029 2588 2323 2627 constituerunt
2353 2593 2460 2627 recte

259 2653 445 2692 uidentur
472 2653 716 2692 intellexisse
744 2654 796 2691 ad
825 2658 956 2691 certas
983 2652 1177 2702 quasdam
1200 2664 1339 2690 causas
1365 2658 1406 2690 et
1433 2652 1606 2701 origines
1635 2652 1817 2701 redigere
1846 2652 1983 2689 audax
2013 2665 2109 2690 sane
2138 2659 2199 2690 est
2228 2660 2268 2690 et
2297 2653 2458 2703 plenum

259 2717 517 2768 opus-aleae:
548 2723 684 2757 tamen
711 2717 743 2756 si
773 2730 853 2756 non
881 2716 1102 2756 aleatorum
1131 2722 1198 2755 aut
1226 2716 1497 2755 coniectorum
1527 2715 1652 2754 modo
1680 2728 1819 2753 casum
1848 2729 2063 2766 sequemur
2100 2718 2246 2755 ducem
2284 2719 2355 2755 sed
2396 2719 2460 2755 uia

259 2788 299 2821 et
329 2783 482 2821 ratione
509 2783 816 2834 progrediemur
840 2782 884 2829 ,in
912 2781 1156 2833 disputando
1184 2780 1326 2820 dubito
1354 2793 1404 2819 an
1431 2780 1596 2832 propius
1616 2780 1861 2820 accedamus
1880 2782 1932 2821 ad
1964 2782 2187 2822 ueritatem.
2233 2781 2458 2821 Priscorum

259 2848 501 2897 populorum
531 2848 694 2885 numina
720 2848 942 2886 secundum
971 2848 1149 2897 ipsorum
1178 2846 1384 2895 opiniones
1412 2845 1464 2882 ab
1492 2845 1724 2883 hominibus
1754 2847 1925 2884 multum
1955 2848 2116 2885 diuersa
2144 2861 2224 2885 non
2253 2848 2380 2885 suere:
2421 2855 2462 2885 et

259 2911 511 2953 laetabantur
548 2912 589 2953 di
625 2918 667 2953 et
705 2911 908 2960 dolebant,
954 2911 1155 2953 ducebant
1190 2909 1393 2951 nubebant
1428 2909 1603 2950 edebant
1640 2910 1839 2962 potabant
1876 2912 2026 2953 similes
2063 2913 2292 2953 mortalium
2332 2927 2460 2963 neque

260 2978 505 3016 dubitaveris
546 2978 579 3015 si
621 2978 661 3015 in
702 2977 892 3015 fictilibus
932 2976 1171 3026 quibusdam
1208 2987 1311 3024 quae
1348 2974 1485 3012 fictilia
1505 2975 1659 3012 'omnia
1696 2975 1778 3013 fere
1817 2976 1857 3013 in
1893 2977 2066 3015 eandem
2104 2983 2338 3027 comparata
2374 2990 2461 3015 esse

259 3048 455 3094 apparent
482 3041 653 3094 figuram
678 3041 911 3093 eisdemque
939 3040 1103 3093 picturis
1122 3045 1262 3081 ornata
1290 3038 1432 3090 legeris
1462 3038 1641 3080 Aecctiai
1661 3039 1803 3081 Coirai
1820 3040 2031 3082 Lauernai
2048 3041 2267 3082 Meneruai
2284 3042 2460 3092 pocolom

258 3107 354 3158 quin
374 3107 435 3145 his
456 3106 626 3145 uasculis
646 3107 686 3146 in
714 3107 963 3146 lectisterniis
982 3106 1022 3145 di
1052 3105 1126 3157 ipsi
1146 3105 1176 3142 si
1207 3104 1269 3142 dis
1296 3103 1429 3156 placet
1449 3105 1506 3142 usi
1527 3105 1606 3143 sint
1626 3106 1678 3143 ad
1708 3106 1955 3157 potandum:
1986 3107 2125 3147 fictilia
2152 3108 2258 3146 enim
2288 3119 2460 3159 appone-

258 3173 404 3212 bantur
432 3174 494 3212 dis
522 3173 816 3212 immortalibus
843 3173 884 3211 in
911 3171 1098 3211 conuiuio
1116 3182 1244 3220 neque
1271 3169 1355 3207 auri
1381 3171 1589 3220 argentiue
1618 3171 1820 3210 luxuriam
1850 3172 2038 3223 probauit
2074 3173 2255 3224 Iuppiter
2283 3173 2460 3223 optimus

259 3237 461 3279 maximus
496 3232 618 3291 aegre
655 3237 753 3279 illud
790 3236 918 3278 ferens
955 3236 1065 3289 quod
1103 3247 1182 3276 non
1218 3235 1299 3275 iam
1335 3234 1439 3275 idem
1468 3235 1581 3287 epulo
1609 3236 1718 3278 cibus
1747 3243 1863 3290 atque
1891 3237 2030 3291 epulae
2058 3237 2163 3278 Iouis
2190 3238 2460 3290 omntpotentis
