<?xml version="1.0" encoding="UTF-8"?>
<!DOCTYPE html PUBLIC "-//W3C//DTD XHTML 1.0 Transitional//EN"
    "http://www.w3.org/TR/xhtml1/DTD/xhtml1-transitional.dtd">
<html xmlns="http://www.w3.org/1999/xhtml" xml:lang="en" lang="en">
 <head>
  <title>
</title>
<meta http-equiv="Content-Type" content="text/html;charset=utf-8" />
  <meta name='ocr-system' content='tesseract 3.04.00' />
  <meta name='ocr-capabilities' content='ocr_page ocr_carea ocr_par ocr_line ocrx_word'/>
</head>
<body>
  <div class='ocr_page' id='page_1' title='image "4771387_0019.png"; bbox 0 0 2720 3743; ppageno 0'>
   <div class='ocr_carea' id='block_1_1' title="bbox 2394 191 2446 232">
    <p class='ocr_par' dir='ltr' id='par_1_1' title="bbox 2394 191 2446 232">
     <span class='ocr_line' id='line_1_1' title="bbox 2394 191 2446 232; baseline 0.019 -1"><span class='ocrx_word' id='word_1_1' title='bbox 2394 191 2446 232; x_wconf 83' lang='grc'><strong>13</strong></span> 
     </span>
    </p>
   </div>
   <div class='ocr_carea' id='block_1_2' title="bbox 226 318 2464 3229">
    <p class='ocr_par' dir='ltr' id='par_1_2' title="bbox 251 318 2450 760">
     <span class='ocr_line' id='line_1_2' title="bbox 251 318 2446 372; baseline 0 -12"><span class='ocrx_word' id='word_1_2' title='bbox 251 319 367 360; x_wconf 89' lang='lat' dir='ltr'><strong>muth</strong></span> <span class='ocrx_word' id='word_1_3' title='bbox 395 318 628 371; x_wconf 89' lang='lat' dir='ltr'><strong>sillograph.</strong></span> <span class='ocrx_word' id='word_1_4' title='bbox 657 318 799 360; x_wconf 90' lang='lat' dir='ltr'><strong>Graec.</strong></span> <span class='ocrx_word' id='word_1_5' title='bbox 828 320 962 372; x_wconf 90' lang='lat' dir='ltr'><strong>reliqu.</strong></span> <span class='ocrx_word' id='word_1_6' title='bbox 990 334 1028 372; x_wconf 92' lang='lat' dir='ltr'><strong>p.</strong></span> <span class='ocrx_word' id='word_1_7' title='bbox 1058 320 1124 360; x_wconf 84' lang='lat'><strong>25.</strong></span> <span class='ocrx_word' id='word_1_8' title='bbox 1195 321 1250 360; x_wconf 90' lang='lat' dir='ltr'><strong>Et</strong></span> <span class='ocrx_word' id='word_1_9' title='bbox 1278 321 1420 360; x_wconf 84' lang='lat' dir='ltr'>Isidori</span> <span class='ocrx_word' id='word_1_10' title='bbox 1462 326 1603 359; x_wconf 84' lang='lat' dir='ltr'>auctor</span> <span class='ocrx_word' id='word_1_11' title='bbox 1630 320 1666 369; x_wconf 92' lang='lat' dir='ltr'><strong>(l.</strong></span> <span class='ocrx_word' id='word_1_12' title='bbox 1695 322 1737 369; x_wconf 91' lang='lat' dir='ltr'><strong>s.)</strong></span> <span class='ocrx_word' id='word_1_13' title='bbox 1774 326 1815 359; x_wconf 94' lang='lat' dir='ltr'><strong>et</strong></span> <span class='ocrx_word' id='word_1_14' title='bbox 1853 320 2077 359; x_wconf 85' lang='lat' dir='ltr'>Euanthius</span> <span class='ocrx_word' id='word_1_15' title='bbox 2118 334 2259 371; x_wconf 88' lang='lat' dir='ltr'><strong>parum</strong></span> <span class='ocrx_word' id='word_1_16' title='bbox 2301 322 2446 360; x_wconf 89' lang='lat' dir='ltr'><strong>uersati</strong></span> 
     </span>
     <span class='ocr_line' id='line_1_3' title="bbox 255 384 2449 437; baseline 0 -13"><span class='ocrx_word' id='word_1_17' title='bbox 255 390 374 426; x_wconf 68' lang='lat' dir='ltr'><strong>erant,</strong></span> <span class='ocrx_word' id='word_1_18' title='bbox 397 385 437 424; x_wconf 91' lang='lat' dir='ltr'><strong>in</strong></span> <span class='ocrx_word' id='word_1_19' title='bbox 466 384 608 423; x_wconf 82' lang='lat' dir='ltr'><strong>litteris</strong></span> <span class='ocrx_word' id='word_1_20' title='bbox 626 384 780 424; x_wconf 87' lang='lat' dir='ltr'><strong>Latinis</strong></span> <span class='ocrx_word' id='word_1_21' title='bbox 815 385 966 437; x_wconf 84' lang='lat' dir='ltr'><strong>quippe</strong></span> <span class='ocrx_word' id='word_1_22' title='bbox 993 385 1060 437; x_wconf 87' lang='lat' dir='ltr'><strong>qui</strong></span> <span class='ocrx_word' id='word_1_23' title='bbox 1080 385 1253 425; x_wconf 79' lang='lat' dir='ltr'><strong>Accium</strong></span> <span class='ocrx_word' id='word_1_24' title='bbox 1283 386 1485 426; x_wconf 89' lang='lat' dir='ltr'><strong>comicum</strong></span> <span class='ocrx_word' id='word_1_25' title='bbox 1515 385 1681 425; x_wconf 82' lang='lat' dir='ltr'><strong>fecerint</strong></span> <span class='ocrx_word' id='word_1_26' title='bbox 1709 386 1733 424; x_wconf 93' lang='lat' dir='ltr'><strong>l.</strong></span> <span class='ocrx_word' id='word_1_27' title='bbox 1755 399 1785 424; x_wconf 91' lang='lat' dir='ltr'><strong>s.</strong></span> <span class='ocrx_word' id='word_1_28' title='bbox 1804 399 1842 436; x_wconf 89' lang='lat' dir='ltr'><strong>p.</strong></span> <span class='ocrx_word' id='word_1_29' title='bbox 1865 385 1966 425; x_wconf 90' lang='lat' dir='ltr'><strong>XIV</strong></span> <span class='ocrx_word' id='word_1_30' title='bbox 1986 385 2038 424; x_wconf 87' lang='lat'><strong>34</strong></span> <span class='ocrx_word' id='word_1_31' title='bbox 2065 392 2105 424; x_wconf 91' lang='lat' dir='ltr'><strong>et</strong></span> <span class='ocrx_word' id='word_1_32' title='bbox 2133 386 2276 436; x_wconf 90' lang='lat' dir='ltr'><strong>Lydus</strong></span> <span class='ocrx_word' id='word_1_33' title='bbox 2302 386 2449 425; x_wconf 90' lang='lat' dir='ltr'><strong>Latino</strong></span> 
     </span>
     <span class='ocr_line' id='line_1_4' title="bbox 251 443 2445 502; baseline 0 -13"><span class='ocrx_word' id='word_1_34' title='bbox 251 456 416 490; x_wconf 88' lang='lat' dir='ltr'><strong>auctore</strong></span> <span class='ocrx_word' id='word_1_35' title='bbox 445 443 613 489; x_wconf 86' lang='lat' dir='ltr'><strong>fortasse</strong></span> <span class='ocrx_word' id='word_1_36' title='bbox 641 449 744 488; x_wconf 90' lang='lat' dir='ltr'><strong>male</strong></span> <span class='ocrx_word' id='word_1_37' title='bbox 773 449 977 489; x_wconf 90' lang='lat' dir='ltr'><strong>intellecto</strong></span> <span class='ocrx_word' id='word_1_38' title='bbox 1004 463 1079 501; x_wconf 91' lang='lat' dir='ltr'><strong>pro</strong></span> <span class='ocrx_word' id='word_1_39' title='bbox 1107 451 1225 489; x_wconf 87' lang='lat' dir='ltr'><strong>Liuio</strong></span> <span class='ocrx_word' id='word_1_40' title='bbox 1252 450 1490 489; x_wconf 82' lang='lat' dir='ltr'><strong>Andronico</strong></span> <span class='ocrx_word' id='word_1_41' title='bbox 1519 451 1713 489; x_wconf 87' lang='lat' dir='ltr'><strong>Titinium</strong></span> <span class='ocrx_word' id='word_1_42' title='bbox 1743 451 1966 502; x_wconf 77' lang='lat' dir='ltr'><strong>supposuit,</strong></span> <span class='ocrx_word' id='word_1_43' title='bbox 2005 463 2097 489; x_wconf 87' lang='lat' dir='ltr'><strong>cum</strong></span> <span class='ocrx_word' id='word_1_44' title='bbox 2136 450 2327 490; x_wconf 79' lang='lat' dir='ltr'><strong>scriberet</strong></span> <span class='ocrx_word' id='word_1_45' title='bbox 2364 450 2387 491; x_wconf 93' lang='grc'><strong>1.</strong></span> <span class='ocrx_word' id='word_1_46' title='bbox 2416 464 2445 489; x_wconf 91' lang='lat' dir='ltr'><strong>s.</strong></span> 
     </span>
     <span class='ocr_line' id='line_1_5' title="bbox 251 512 2449 568; baseline -0 -12"><span class='ocrx_word' id='word_1_47' title='bbox 251 530 339 567; x_wconf 91' lang='lat' dir='ltr'><strong>cap.</strong></span> <span class='ocrx_word' id='word_1_48' title='bbox 370 514 442 555; x_wconf 85' lang='lat'><strong>40:</strong></span> <span class='ocrx_word' id='word_1_49' title='bbox 480 512 573 554; x_wconf 85' lang='grc' dir='ltr'>Τότε</span> <span class='ocrx_word' id='word_1_50' title='bbox 600 512 750 559; x_wconf 82' lang='grc' dir='ltr'><strong>Τιτίνιος</strong></span> <span class='ocrx_word' id='word_1_51' title='bbox 788 513 905 563; x_wconf 84' lang='grc' dir='ltr'><strong>(τίνιος</strong></span> <span class='ocrx_word' id='word_1_52' title='bbox 940 516 1086 564; x_wconf 87' lang='lat' dir='ltr'><strong>codex)</strong></span> <span class='ocrx_word' id='word_1_53' title='bbox 1115 515 1135 554; x_wconf 88' lang='grc' dir='ltr'><strong>ὁ</strong></span> <span class='ocrx_word' id='word_1_54' title='bbox 1162 515 1350 567; x_wconf 80' lang='grc' dir='ltr'><strong>Ῥωμαῖος</strong></span> <span class='ocrx_word' id='word_1_55' title='bbox 1388 515 1546 567; x_wconf 82' lang='grc' dir='ltr'><strong>κωμικὸς</strong></span> <span class='ocrx_word' id='word_1_56' title='bbox 1582 517 1698 567; x_wconf 76' lang='grc' dir='ltr'>μῦθον</span> <span class='ocrx_word' id='word_1_57' title='bbox 1737 513 1943 560; x_wconf 78' lang='grc' dir='ltr'>ἐπεδείξατο</span> <span class='ocrx_word' id='word_1_58' title='bbox 1981 516 2018 554; x_wconf 85' lang='grc' dir='ltr'><strong>ἐν</strong></span> <span class='ocrx_word' id='word_1_59' title='bbox 2052 518 2098 568; x_wconf 81' lang='grc' dir='ltr'><strong>τῇ</strong></span> <span class='ocrx_word' id='word_1_60' title='bbox 2129 513 2272 567; x_wconf 77' lang='grc' dir='ltr'>Ῥώμῃ,</span> <span class='ocrx_word' id='word_1_61' title='bbox 2311 516 2352 554; x_wconf 93' lang='lat' dir='ltr'><strong>id</strong></span> <span class='ocrx_word' id='word_1_62' title='bbox 2388 523 2449 555; x_wconf 89' lang='lat' dir='ltr'><strong>est</strong></span> 
     </span>
     <span class='ocr_line' id='line_1_6' title="bbox 252 580 2449 631; baseline -0 -11"><span class='ocrx_word' id='word_1_63' title='bbox 252 580 430 620; x_wconf 86' lang='lat' dir='ltr'><strong>fabulam</strong></span> <span class='ocrx_word' id='word_1_64' title='bbox 458 580 615 618; x_wconf 88' lang='lat' dir='ltr'><strong>Romae</strong></span> <span class='ocrx_word' id='word_1_65' title='bbox 645 580 769 626; x_wconf 84' lang='lat' dir='ltr'><strong>dedit,</strong></span> <span class='ocrx_word' id='word_1_66' title='bbox 808 592 938 630; x_wconf 88' lang='lat' dir='ltr'><strong>neque</strong></span> <span class='ocrx_word' id='word_1_67' title='bbox 975 580 1141 619; x_wconf 81' lang='lat' dir='ltr'><strong>miratus</strong></span> <span class='ocrx_word' id='word_1_68' title='bbox 1173 580 1226 619; x_wconf 91' lang='lat' dir='ltr'><strong>sis</strong></span> <span class='ocrx_word' id='word_1_69' title='bbox 1253 582 1363 631; x_wconf 93' lang='lat' dir='ltr'><strong>quod</strong></span> <span class='ocrx_word' id='word_1_70' title='bbox 1391 587 1432 621; x_wconf 88' lang='lat' dir='ltr'><strong>et</strong></span> <span class='ocrx_word' id='word_1_71' title='bbox 1460 582 1754 620; x_wconf 88' lang='lat' dir='ltr'><strong>Rhinthonicae</strong></span> <span class='ocrx_word' id='word_1_72' title='bbox 1783 581 2020 621; x_wconf 90' lang='lat' dir='ltr'><strong>comoediae</strong></span> <span class='ocrx_word' id='word_1_73' title='bbox 2048 587 2089 619; x_wconf 93' lang='lat' dir='ltr'><strong>et</strong></span> <span class='ocrx_word' id='word_1_74' title='bbox 2116 580 2301 619; x_wconf 91' lang='lat' dir='ltr'><strong>satiricae</strong></span> <span class='ocrx_word' id='word_1_75' title='bbox 2329 580 2449 619; x_wconf 91' lang='lat' dir='ltr'><strong>Rhin-</strong></span> 
     </span>
     <span class='ocr_line' id='line_1_7' title="bbox 252 644 2450 696; baseline 0 -12"><span class='ocrx_word' id='word_1_76' title='bbox 252 646 416 684; x_wconf 90' lang='lat' dir='ltr'><strong>thonem</strong></span> <span class='ocrx_word' id='word_1_77' title='bbox 454 650 659 682; x_wconf 83' lang='lat' dir='ltr'><strong>auctorem</strong></span> <span class='ocrx_word' id='word_1_78' title='bbox 707 649 776 681; x_wconf 89' lang='lat' dir='ltr'><strong>aut</strong></span> <span class='ocrx_word' id='word_1_79' title='bbox 819 649 1081 694; x_wconf 84' lang='lat' dir='ltr'><strong>praeceptore</strong></span> <span class='ocrx_word' id='word_1_80' title='bbox 1125 650 1194 683; x_wconf 90' lang='lat' dir='ltr'><strong>aut</strong></span> <span class='ocrx_word' id='word_1_81' title='bbox 1235 650 1399 684; x_wconf 88' lang='lat' dir='ltr'><strong>auctore</strong></span> <span class='ocrx_word' id='word_1_82' title='bbox 1434 651 1598 696; x_wconf 87' lang='lat' dir='ltr'><strong>propter</strong></span> <span class='ocrx_word' id='word_1_83' title='bbox 1635 646 1767 685; x_wconf 91' lang='lat' dir='ltr'><strong>Latini</strong></span> <span class='ocrx_word' id='word_1_84' title='bbox 1806 646 2000 685; x_wconf 89' lang='lat' dir='ltr'><strong>sermonis</strong></span> <span class='ocrx_word' id='word_1_85' title='bbox 2038 644 2304 696; x_wconf 83' lang='lat' dir='ltr'><strong>ignorantiam</strong></span> <span class='ocrx_word' id='word_1_86' title='bbox 2346 644 2450 684; x_wconf 92' lang='lat' dir='ltr'><strong>male</strong></span> 
     </span>
     <span class='ocr_line' id='line_1_8' title="bbox 252 708 1192 760; baseline -0.002 -10"><span class='ocrx_word' id='word_1_87' title='bbox 252 710 455 750; x_wconf 86' lang='lat' dir='ltr'><strong>intellecto</strong></span> <span class='ocrx_word' id='word_1_88' title='bbox 483 708 704 749; x_wconf 84' lang='lat' dir='ltr'><strong>Graeculus</strong></span> <span class='ocrx_word' id='word_1_89' title='bbox 731 720 942 760; x_wconf 85' lang='lat' dir='ltr'><strong>perperam</strong></span> <span class='ocrx_word' id='word_1_90' title='bbox 971 708 1192 748; x_wconf 89' lang='lat' dir='ltr'><strong>uindicarit.</strong></span> 
     </span>
    </p>

    <p class='ocr_par' dir='ltr' id='par_1_3' title="bbox 226 772 2464 3229">
     <span class='ocr_line' id='line_1_9' title="bbox 445 772 2452 815; baseline 0 -2"><span class='ocrx_word' id='word_1_91' title='bbox 445 774 515 814; x_wconf 91' lang='lat' dir='ltr'><strong>VI.</strong></span> <span class='ocrx_word' id='word_1_92' title='bbox 573 774 747 814; x_wconf 85' lang='lat' dir='ltr'><strong>Litteras</strong></span> <span class='ocrx_word' id='word_1_93' title='bbox 786 772 963 814; x_wconf 91' lang='lat' dir='ltr'><strong>Graecas</strong></span> <span class='ocrx_word' id='word_1_94' title='bbox 1005 779 1046 814; x_wconf 90' lang='lat' dir='ltr'><strong>et</strong></span> <span class='ocrx_word' id='word_1_95' title='bbox 1087 773 1252 814; x_wconf 90' lang='lat' dir='ltr'><strong>Latinas</strong></span> <span class='ocrx_word' id='word_1_96' title='bbox 1293 774 1487 815; x_wconf 89' lang='lat' dir='ltr'><strong>illustrare</strong></span> <span class='ocrx_word' id='word_1_97' title='bbox 1529 775 1624 814; x_wconf 89' lang='lat' dir='ltr'><strong>artis</strong></span> <span class='ocrx_word' id='word_1_98' title='bbox 1667 775 1934 815; x_wconf 89' lang='lat' dir='ltr'><strong>monumentis</strong></span> <span class='ocrx_word' id='word_1_99' title='bbox 1983 775 2176 815; x_wconf 88' lang='lat' dir='ltr'><strong>adhibitis</strong></span> <span class='ocrx_word' id='word_1_100' title='bbox 2218 774 2452 815; x_wconf 82' lang='lat' dir='ltr'><strong>incredibile</strong></span> 
     </span>
     <span class='ocr_line' id='line_1_10' title="bbox 255 839 2450 879; baseline -0 -1"><span class='ocrx_word' id='word_1_101' title='bbox 255 841 480 879; x_wconf 87' lang='lat' dir='ltr'><strong>studiorum</strong></span> <span class='ocrx_word' id='word_1_102' title='bbox 510 845 736 877; x_wconf 89' lang='lat' dir='ltr'><strong>nostrorum</strong></span> <span class='ocrx_word' id='word_1_103' title='bbox 766 839 937 877; x_wconf 90' lang='lat' dir='ltr'><strong>habetur</strong></span> <span class='ocrx_word' id='word_1_104' title='bbox 972 845 1014 877; x_wconf 88' lang='lat' dir='ltr'><strong>et</strong></span> <span class='ocrx_word' id='word_1_105' title='bbox 1050 839 1367 877; x_wconf 89' lang='lat' dir='ltr'><strong>emolumentum</strong></span> <span class='ocrx_word' id='word_1_106' title='bbox 1405 846 1446 877; x_wconf 91' lang='lat' dir='ltr'><strong>et</strong></span> <span class='ocrx_word' id='word_1_107' title='bbox 1480 841 1612 877; x_wconf 85' lang='lat' dir='ltr'><strong>decus.</strong></span> <span class='ocrx_word' id='word_1_108' title='bbox 1679 841 1807 878; x_wconf 89' lang='lat' dir='ltr'><strong>Multa</strong></span> <span class='ocrx_word' id='word_1_109' title='bbox 1841 841 2025 878; x_wconf 85' lang='lat' dir='ltr'><strong>nimirum</strong></span> <span class='ocrx_word' id='word_1_110' title='bbox 2061 840 2214 878; x_wconf 89' lang='lat' dir='ltr'><strong>nonnisi</strong></span> <span class='ocrx_word' id='word_1_111' title='bbox 2253 839 2450 878; x_wconf 86' lang='lat' dir='ltr'><strong>artificum</strong></span> 
     </span>
     <span class='ocr_line' id='line_1_11' title="bbox 255 902 2451 957; baseline -0 -12"><span class='ocrx_word' id='word_1_112' title='bbox 255 904 443 957; x_wconf 90' lang='lat' dir='ltr'><strong>operibus</strong></span> <span class='ocrx_word' id='word_1_113' title='bbox 471 903 635 945; x_wconf 87' lang='lat' dir='ltr'><strong>adscitis</strong></span> <span class='ocrx_word' id='word_1_114' title='bbox 664 909 771 944; x_wconf 90' lang='lat' dir='ltr'><strong>recte</strong></span> <span class='ocrx_word' id='word_1_115' title='bbox 800 902 976 955; x_wconf 86' lang='lat' dir='ltr'><strong>intellegi</strong></span> <span class='ocrx_word' id='word_1_116' title='bbox 1006 910 1185 956; x_wconf 87' lang='lat' dir='ltr'><strong>possunt,</strong></span> <span class='ocrx_word' id='word_1_117' title='bbox 1216 903 1338 944; x_wconf 90' lang='lat' dir='ltr'><strong>ueluti</strong></span> <span class='ocrx_word' id='word_1_118' title='bbox 1368 919 1439 944; x_wconf 88' lang='lat' dir='ltr'><strong>cur</strong></span> <span class='ocrx_word' id='word_1_119' title='bbox 1459 903 1644 944; x_wconf 87' lang='lat' dir='ltr'><strong>Tibullus</strong></span> <span class='ocrx_word' id='word_1_120' title='bbox 1664 904 1700 944; x_wconf 94' lang='lat' dir='ltr'><strong>ll</strong></span> <span class='ocrx_word' id='word_1_121' title='bbox 1725 905 1758 951; x_wconf 91' lang='lat'><strong>1,</strong></span> <span class='ocrx_word' id='word_1_122' title='bbox 1779 905 1830 944; x_wconf 88' lang='grc'><strong>88</strong></span> <span class='ocrx_word' id='word_1_123' title='bbox 1855 906 2030 944; x_wconf 86' lang='lat' dir='ltr'><strong>siderum</strong></span> <span class='ocrx_word' id='word_1_124' title='bbox 2060 906 2228 945; x_wconf 88' lang='lat' dir='ltr'><strong>chorum</strong></span> <span class='ocrx_word' id='word_1_125' title='bbox 2257 907 2451 944; x_wconf 81' lang='lat' dir='ltr'><strong>lasciuum</strong></span> 
     </span>
     <span class='ocr_line' id='line_1_12' title="bbox 256 967 2450 1019; baseline 0 -12"><span class='ocrx_word' id='word_1_126' title='bbox 256 970 416 1016; x_wconf 88' lang='lat' dir='ltr'><strong>dixerit,</strong></span> <span class='ocrx_word' id='word_1_127' title='bbox 453 981 524 1006; x_wconf 92' lang='lat' dir='ltr'><strong>cur</strong></span> <span class='ocrx_word' id='word_1_128' title='bbox 552 969 781 1018; x_wconf 90' lang='lat' dir='ltr'><strong>Propertius</strong></span> <span class='ocrx_word' id='word_1_129' title='bbox 809 969 826 1006; x_wconf 99' lang='lat' dir='ltr'>I</span> <span class='ocrx_word' id='word_1_130' title='bbox 855 969 891 1015; x_wconf 84' lang='lat'><strong>3,</strong></span> <span class='ocrx_word' id='word_1_131' title='bbox 922 971 948 1007; x_wconf 83' lang='lat'>5</span> <span class='ocrx_word' id='word_1_132' title='bbox 975 968 1150 1019; x_wconf 92' lang='lat' dir='ltr'><strong>puellam</strong></span> <span class='ocrx_word' id='word_1_133' title='bbox 1189 969 1456 1008; x_wconf 90' lang='lat' dir='ltr'><strong>dormientem</strong></span> <span class='ocrx_word' id='word_1_134' title='bbox 1496 981 1575 1007; x_wconf 93' lang='lat' dir='ltr'><strong>non</strong></span> <span class='ocrx_word' id='word_1_135' title='bbox 1612 968 1742 1006; x_wconf 92' lang='lat' dir='ltr'><strong>solum</strong></span> <span class='ocrx_word' id='word_1_136' title='bbox 1781 981 1873 1006; x_wconf 91' lang='lat' dir='ltr'><strong>cum</strong></span> <span class='ocrx_word' id='word_1_137' title='bbox 1912 967 2069 1007; x_wconf 90' lang='lat' dir='ltr'><strong>Aridna</strong></span> <span class='ocrx_word' id='word_1_138' title='bbox 2103 969 2340 1017; x_wconf 87' lang='lat' dir='ltr'><strong>dormiente,</strong></span> <span class='ocrx_word' id='word_1_139' title='bbox 2379 969 2450 1007; x_wconf 88' lang='lat' dir='ltr'><strong>sed</strong></span> 
     </span>
     <span class='ocr_line' id='line_1_13' title="bbox 255 1033 2451 1085; baseline -0 -11"><span class='ocrx_word' id='word_1_140' title='bbox 255 1034 377 1075; x_wconf 90' lang='lat' dir='ltr'><strong>etiam</strong></span> <span class='ocrx_word' id='word_1_141' title='bbox 420 1048 512 1073; x_wconf 93' lang='lat' dir='ltr'><strong>cum</strong></span> <span class='ocrx_word' id='word_1_142' title='bbox 550 1033 749 1073; x_wconf 86' lang='lat' dir='ltr'><strong>Maenade</strong></span> <span class='ocrx_word' id='word_1_143' title='bbox 791 1034 1096 1084; x_wconf 91' lang='lat' dir='ltr'><strong>comparauerit,</strong></span> <span class='ocrx_word' id='word_1_144' title='bbox 1141 1047 1244 1085; x_wconf 92' lang='lat' dir='ltr'><strong>quae</strong></span> <span class='ocrx_word' id='word_1_145' title='bbox 1286 1035 1339 1073; x_wconf 93' lang='lat' dir='ltr'><strong>ad</strong></span> <span class='ocrx_word' id='word_1_146' title='bbox 1382 1035 1511 1085; x_wconf 90' lang='lat' dir='ltr'><strong>ripam</strong></span> <span class='ocrx_word' id='word_1_147' title='bbox 1550 1034 1730 1084; x_wconf 89' lang='lat' dir='ltr'><strong>Apidani</strong></span> <span class='ocrx_word' id='word_1_148' title='bbox 1774 1034 1989 1073; x_wconf 89' lang='lat' dir='ltr'><strong>herbosam</strong></span> <span class='ocrx_word' id='word_1_149' title='bbox 2026 1034 2181 1072; x_wconf 89' lang='lat' dir='ltr'><strong>choreis</strong></span> <span class='ocrx_word' id='word_1_150' title='bbox 2222 1035 2325 1073; x_wconf 87' lang='lat' dir='ltr'><strong>fessa</strong></span> <span class='ocrx_word' id='word_1_151' title='bbox 2361 1048 2451 1073; x_wconf 91' lang='lat' dir='ltr'><strong>con-</strong></span> 
     </span>
     <span class='ocr_line' id='line_1_14' title="bbox 254 1097 2451 1150; baseline 0 -12"><span class='ocrx_word' id='word_1_152' title='bbox 254 1099 415 1139; x_wconf 88' lang='lat' dir='ltr'><strong>ciderit:</strong></span> <span class='ocrx_word' id='word_1_153' title='bbox 460 1103 624 1150; x_wconf 90' lang='lat' dir='ltr'><strong>poetam</strong></span> <span class='ocrx_word' id='word_1_154' title='bbox 667 1098 719 1137; x_wconf 93' lang='lat' dir='ltr'><strong>de</strong></span> <span class='ocrx_word' id='word_1_155' title='bbox 759 1097 915 1150; x_wconf 86' lang='lat' dir='ltr'><strong>pictura</strong></span> <span class='ocrx_word' id='word_1_156' title='bbox 950 1098 1125 1150; x_wconf 92' lang='lat' dir='ltr'><strong>quadam</strong></span> <span class='ocrx_word' id='word_1_157' title='bbox 1164 1098 1365 1150; x_wconf 86' lang='lat' dir='ltr'><strong>cogitasse</strong></span> <span class='ocrx_word' id='word_1_158' title='bbox 1408 1104 1493 1139; x_wconf 89' lang='lat' dir='ltr'><strong>tum</strong></span> <span class='ocrx_word' id='word_1_159' title='bbox 1536 1098 1757 1150; x_wconf 88' lang='lat' dir='ltr'><strong>intelleges,</strong></span> <span class='ocrx_word' id='word_1_160' title='bbox 1798 1111 1891 1138; x_wconf 90' lang='lat' dir='ltr'><strong>cum</strong></span> <span class='ocrx_word' id='word_1_161' title='bbox 1930 1098 2128 1150; x_wconf 92' lang='lat' dir='ltr'><strong>picturam</strong></span> <span class='ocrx_word' id='word_1_162' title='bbox 2166 1098 2451 1149; x_wconf 89' lang='lat' dir='ltr'><strong>Pompeianam</strong></span> 
     </span>
     <span class='ocr_line' id='line_1_15' title="bbox 255 1163 2453 1215; baseline 0 -13"><span class='ocrx_word' id='word_1_163' title='bbox 255 1163 551 1213; x_wconf 88' lang='lat' dir='ltr'><strong>contemplatus</strong></span> <span class='ocrx_word' id='word_1_164' title='bbox 579 1163 656 1200; x_wconf 91' lang='lat' dir='ltr'><strong>eris</strong></span> <span class='ocrx_word' id='word_1_165' title='bbox 686 1163 725 1200; x_wconf 89' lang='lat' dir='ltr'><strong>in</strong></span> <span class='ocrx_word' id='word_1_166' title='bbox 753 1163 1019 1212; x_wconf 90' lang='lat' dir='ltr'><strong>pinacotheca</strong></span> <span class='ocrx_word' id='word_1_167' title='bbox 1046 1163 1217 1214; x_wconf 91' lang='lat' dir='ltr'><strong>Neapoli</strong></span> <span class='ocrx_word' id='word_1_168' title='bbox 1246 1176 1349 1215; x_wconf 90' lang='lat' dir='ltr'><strong>quae</strong></span> <span class='ocrx_word' id='word_1_169' title='bbox 1377 1169 1558 1203; x_wconf 92' lang='lat' dir='ltr'><strong>servatur</strong></span> <span class='ocrx_word' id='word_1_170' title='bbox 1586 1164 1625 1202; x_wconf 92' lang='lat' dir='ltr'><strong>in</strong></span> <span class='ocrx_word' id='word_1_171' title='bbox 1654 1163 2014 1215; x_wconf 89' lang='lat' dir='ltr'><strong>archaeologorum</strong></span> <span class='ocrx_word' id='word_1_172' title='bbox 2053 1163 2163 1202; x_wconf 92' lang='lat' dir='ltr'><strong>libris</strong></span> <span class='ocrx_word' id='word_1_173' title='bbox 2200 1163 2378 1203; x_wconf 88' lang='lat' dir='ltr'><strong>nondum</strong></span> <span class='ocrx_word' id='word_1_174' title='bbox 2415 1163 2453 1203; x_wconf 90' lang='lat' dir='ltr'><strong>ni</strong></span> 
     </span>
     <span class='ocr_line' id='line_1_16' title="bbox 257 1227 2457 1280; baseline -0.001 -12"><span class='ocrx_word' id='word_1_175' title='bbox 257 1228 372 1268; x_wconf 88' lang='lat' dir='ltr'><strong>fallor</strong></span> <span class='ocrx_word' id='word_1_176' title='bbox 390 1227 551 1278; x_wconf 92' lang='lat' dir='ltr'><strong>publice</strong></span> <span class='ocrx_word' id='word_1_177' title='bbox 570 1227 819 1277; x_wconf 84' lang='lat' dir='ltr'><strong>expositam:</strong></span> <span class='ocrx_word' id='word_1_178' title='bbox 840 1234 883 1266; x_wconf 91' lang='lat' dir='ltr'><strong>tu</strong></span> <span class='ocrx_word' id='word_1_179' title='bbox 899 1228 1078 1278; x_wconf 90' lang='lat' dir='ltr'><strong>Helbigii</strong></span> <span class='ocrx_word' id='word_1_180' title='bbox 1095 1228 1393 1279; x_wconf 91' lang='lat' dir='ltr'><strong>Campanorum</strong></span> <span class='ocrx_word' id='word_1_181' title='bbox 1409 1228 1570 1267; x_wconf 83' lang='grc' dir='ltr'>πινάκων</span> <span class='ocrx_word' id='word_1_182' title='bbox 1585 1227 1720 1267; x_wconf 77' lang='grc' dir='ltr'>πίνακα</span> <span class='ocrx_word' id='word_1_183' title='bbox 1735 1230 1859 1267; x_wconf 89' lang='lat' dir='ltr'><strong>adeas</strong></span> <span class='ocrx_word' id='word_1_184' title='bbox 1874 1242 1912 1279; x_wconf 91' lang='lat' dir='ltr'><strong>p.</strong></span> <span class='ocrx_word' id='word_1_185' title='bbox 1933 1229 2007 1267; x_wconf 91' lang='grc'><strong>127</strong></span> <span class='ocrx_word' id='word_1_186' title='bbox 2025 1241 2060 1267; x_wconf 89' lang='lat' dir='ltr'><strong>n.</strong></span> <span class='ocrx_word' id='word_1_187' title='bbox 2079 1229 2170 1268; x_wconf 87' lang='grc'><strong>566.</strong></span> <span class='ocrx_word' id='word_1_188' title='bbox 2200 1228 2457 1280; x_wconf 84' lang='lat' dir='ltr'><strong>Conspicitur</strong></span> 
     </span>
     <span class='ocr_line' id='line_1_17' title="bbox 256 1291 2456 1345; baseline 0 -12"><span class='ocrx_word' id='word_1_189' title='bbox 256 1293 422 1334; x_wconf 88' lang='lat' dir='ltr'><strong>Maenas</strong></span> <span class='ocrx_word' id='word_1_190' title='bbox 440 1291 659 1340; x_wconf 90' lang='lat' dir='ltr'><strong>seminuda,</strong></span> <span class='ocrx_word' id='word_1_191' title='bbox 689 1297 998 1344; x_wconf 85' lang='lat' dir='ltr'><strong>cum-tympano</strong></span> <span class='ocrx_word' id='word_1_192' title='bbox 1016 1298 1058 1333; x_wconf 86' lang='lat' dir='ltr'><strong>et</strong></span> <span class='ocrx_word' id='word_1_193' title='bbox 1084 1292 1225 1345; x_wconf 90' lang='lat' dir='ltr'><strong>thyrso</strong></span> <span class='ocrx_word' id='word_1_194' title='bbox 1252 1293 1304 1334; x_wconf 89' lang='lat' dir='ltr'><strong>ad</strong></span> <span class='ocrx_word' id='word_1_195' title='bbox 1334 1292 1442 1334; x_wconf 86' lang='lat' dir='ltr'><strong>fluuii</strong></span> <span class='ocrx_word' id='word_1_196' title='bbox 1471 1294 1601 1345; x_wconf 90' lang='lat' dir='ltr'><strong>ripam</strong></span> <span class='ocrx_word' id='word_1_197' title='bbox 1630 1294 1846 1335; x_wconf 86' lang='lat' dir='ltr'><strong>herbosam</strong></span> <span class='ocrx_word' id='word_1_198' title='bbox 1874 1307 2019 1334; x_wconf 90' lang='lat' dir='ltr'><strong>somno</strong></span> <span class='ocrx_word' id='word_1_199' title='bbox 2046 1308 2260 1345; x_wconf 88' lang='lat' dir='ltr'><strong>oppressa:</strong></span> <span class='ocrx_word' id='word_1_200' title='bbox 2290 1308 2344 1334; x_wconf 90' lang='lat' dir='ltr'><strong>ex</strong></span> <span class='ocrx_word' id='word_1_201' title='bbox 2373 1295 2456 1334; x_wconf 90' lang='lat' dir='ltr'><strong>alto</strong></span> 
     </span>
     <span class='ocr_line' id='line_1_18' title="bbox 257 1357 2456 1412; baseline 0 -14"><span class='ocrx_word' id='word_1_202' title='bbox 257 1359 501 1398; x_wconf 89' lang='lat' dir='ltr'><strong>descendere</strong></span> <span class='ocrx_word' id='word_1_203' title='bbox 522 1358 679 1397; x_wconf 91' lang='lat' dir='ltr'><strong>uidetur</strong></span> <span class='ocrx_word' id='word_1_204' title='bbox 699 1357 883 1396; x_wconf 91' lang='lat' dir='ltr'><strong>Bacchus</strong></span> <span class='ocrx_word' id='word_1_205' title='bbox 901 1357 1016 1397; x_wconf 91' lang='lat' dir='ltr'><strong>sicuti</strong></span> <span class='ocrx_word' id='word_1_206' title='bbox 1037 1357 1076 1396; x_wconf 90' lang='lat' dir='ltr'><strong>in</strong></span> <span class='ocrx_word' id='word_1_207' title='bbox 1094 1358 1259 1410; x_wconf 90' lang='lat' dir='ltr'><strong>picturis</strong></span> <span class='ocrx_word' id='word_1_208' title='bbox 1278 1358 1318 1397; x_wconf 91' lang='lat' dir='ltr'><strong>in</strong></span> <span class='ocrx_word' id='word_1_209' title='bbox 1336 1358 1480 1410; x_wconf 91' lang='lat' dir='ltr'><strong>quibus</strong></span> <span class='ocrx_word' id='word_1_210' title='bbox 1499 1359 1684 1399; x_wconf 85' lang='lat' dir='ltr'><strong>Ariadna</strong></span> <span class='ocrx_word' id='word_1_211' title='bbox 1702 1360 1813 1412; x_wconf 92' lang='lat' dir='ltr'><strong>picta</strong></span> <span class='ocrx_word' id='word_1_212' title='bbox 1832 1365 1910 1399; x_wconf 88' lang='lat' dir='ltr'><strong>est:</strong></span> <span class='ocrx_word' id='word_1_213' title='bbox 1941 1359 2046 1400; x_wconf 91' lang='lat' dir='ltr'><strong>iacet</strong></span> <span class='ocrx_word' id='word_1_214' title='bbox 2061 1360 2129 1400; x_wconf 93' lang='lat' dir='ltr'><strong>illa</strong></span> <span class='ocrx_word' id='word_1_215' title='bbox 2146 1360 2279 1411; x_wconf 85' lang='lat' dir='ltr'><strong>qualis</strong></span> <span class='ocrx_word' id='word_1_216' title='bbox 2305 1359 2456 1400; x_wconf 76' lang='lat' dir='ltr'><strong>Thesea</strong></span> 
     </span>
     <span class='ocr_line' id='line_1_19' title="bbox 257 1423 2457 1477; baseline 0 -13"><span class='ocrx_word' id='word_1_217' title='bbox 257 1426 381 1464; x_wconf 81' lang='lat' dir='ltr'><strong>iacuit</strong></span> <span class='ocrx_word' id='word_1_218' title='bbox 406 1424 561 1463; x_wconf 79' lang='lat' dir='ltr'><strong>cedente</strong></span> <span class='ocrx_word' id='word_1_219' title='bbox 589 1423 731 1462; x_wconf 85' lang='lat' dir='ltr'><strong>carina</strong></span> <span class='ocrx_word' id='word_1_220' title='bbox 759 1423 973 1473; x_wconf 79' lang='lat' dir='ltr'><strong>Languida</strong></span> <span class='ocrx_word' id='word_1_221' title='bbox 1001 1424 1169 1462; x_wconf 81' lang='lat' dir='ltr'><strong>desertis</strong></span> <span class='ocrx_word' id='word_1_222' title='bbox 1195 1424 1340 1463; x_wconf 83' lang='lat' dir='ltr'><strong>Gnosia</strong></span> <span class='ocrx_word' id='word_1_223' title='bbox 1368 1425 1548 1464; x_wconf 79' lang='lat' dir='ltr'><strong>litoribus</strong></span> <span class='ocrx_word' id='word_1_224' title='bbox 1578 1457 1585 1464; x_wconf 97' lang='lat'><strong>.</strong></span> <span class='ocrx_word' id='word_1_225' title='bbox 1619 1457 1626 1464; x_wconf 94' lang='lat'><strong>.</strong></span> <span class='ocrx_word' id='word_1_226' title='bbox 1659 1457 1667 1465; x_wconf 91' lang='lat'><strong>.</strong></span> <span class='ocrx_word' id='word_1_227' title='bbox 1697 1425 1783 1464; x_wconf 57' lang='grc' dir='ltr'><strong>ινιτ</strong></span> <span class='ocrx_word' id='word_1_228' title='bbox 1811 1426 1943 1465; x_wconf 84' lang='lat' dir='ltr'><strong>minus</strong></span> <span class='ocrx_word' id='word_1_229' title='bbox 1971 1426 2149 1465; x_wconf 82' lang='lat' dir='ltr'><strong>assiduis</strong></span> <span class='ocrx_word' id='word_1_230' title='bbox 2169 1426 2320 1465; x_wconf 72' lang='lat' dir='ltr'><strong>Edonis</strong></span> <span class='ocrx_word' id='word_1_231' title='bbox 2335 1427 2457 1477; x_wconf 80' lang='lat' dir='ltr'><strong>sessa</strong></span> 
     </span>
     <span class='ocr_line' id='line_1_20' title="bbox 258 1488 2457 1542; baseline -0.001 -11"><span class='ocrx_word' id='word_1_232' title='bbox 258 1490 412 1531; x_wconf 71' lang='lat' dir='ltr'><strong>clcorezs</strong></span> <span class='ocrx_word' id='word_1_233' title='bbox 445 1488 588 1538; x_wconf 78' lang='lat' dir='ltr'><strong>Qualis</strong></span> <span class='ocrx_word' id='word_1_234' title='bbox 617 1490 658 1529; x_wconf 83' lang='lat' dir='ltr'><strong>in</strong></span> <span class='ocrx_word' id='word_1_235' title='bbox 687 1489 852 1529; x_wconf 76' lang='lat' dir='ltr'><strong>herboso</strong></span> <span class='ocrx_word' id='word_1_236' title='bbox 880 1489 1045 1529; x_wconf 85' lang='lat' dir='ltr'><strong>concidit</strong></span> <span class='ocrx_word' id='word_1_237' title='bbox 1070 1489 1264 1540; x_wconf 79' lang='lat' dir='ltr'><strong>Apidano.</strong></span> <span class='ocrx_word' id='word_1_238' title='bbox 1321 1491 1485 1530; x_wconf 88' lang='lat' dir='ltr'><strong>Troiam</strong></span> <span class='ocrx_word' id='word_1_239' title='bbox 1524 1491 1618 1529; x_wconf 90' lang='lat' dir='ltr'><strong>luna</strong></span> <span class='ocrx_word' id='word_1_240' title='bbox 1652 1491 1771 1541; x_wconf 90' lang='lat' dir='ltr'><strong>plena</strong></span> <span class='ocrx_word' id='word_1_241' title='bbox 1808 1504 1900 1530; x_wconf 91' lang='lat' dir='ltr'><strong>cum</strong></span> <span class='ocrx_word' id='word_1_242' title='bbox 1938 1497 2045 1530; x_wconf 90' lang='lat' dir='ltr'><strong>esset</strong></span> <span class='ocrx_word' id='word_1_243' title='bbox 2080 1497 2243 1542; x_wconf 89' lang='lat' dir='ltr'><strong>captam</strong></span> <span class='ocrx_word' id='word_1_244' title='bbox 2280 1505 2367 1530; x_wconf 88' lang='lat' dir='ltr'><strong>esse</strong></span> <span class='ocrx_word' id='word_1_245' title='bbox 2404 1491 2457 1529; x_wconf 94' lang='lat' dir='ltr'><strong>ab</strong></span> 
     </span>
     <span class='ocr_line' id='line_1_21' title="bbox 258 1553 2458 1607; baseline 0 -12"><span class='ocrx_word' id='word_1_246' title='bbox 258 1555 427 1607; x_wconf 86' lang='lat' dir='ltr'><strong>Argiuis</strong></span> <span class='ocrx_word' id='word_1_247' title='bbox 469 1566 548 1594; x_wconf 90' lang='lat' dir='ltr'><strong>non</strong></span> <span class='ocrx_word' id='word_1_248' title='bbox 590 1553 721 1593; x_wconf 92' lang='lat' dir='ltr'><strong>solum</strong></span> <span class='ocrx_word' id='word_1_249' title='bbox 764 1553 899 1594; x_wconf 92' lang='lat' dir='ltr'><strong>Iliadis</strong></span> <span class='ocrx_word' id='word_1_250' title='bbox 938 1566 1087 1606; x_wconf 92' lang='lat' dir='ltr'><strong>paruae</strong></span> <span class='ocrx_word' id='word_1_251' title='bbox 1129 1553 1268 1607; x_wconf 86' lang='lat' dir='ltr'><strong>fragm.</strong></span> <span class='ocrx_word' id='word_1_252' title='bbox 1301 1555 1348 1595; x_wconf 93' lang='lat'><strong>11</strong></span> <span class='ocrx_word' id='word_1_253' title='bbox 1380 1554 1420 1595; x_wconf 89' lang='lat' dir='ltr'><strong>K</strong></span> <span class='ocrx_word' id='word_1_254' title='bbox 1457 1560 1498 1595; x_wconf 89' lang='lat' dir='ltr'><strong>et</strong></span> <span class='ocrx_word' id='word_1_255' title='bbox 1525 1554 1695 1606; x_wconf 86' lang='lat' dir='ltr'><strong>Vergilii</strong></span> <span class='ocrx_word' id='word_1_256' title='bbox 1734 1554 1930 1596; x_wconf 91' lang='lat' dir='ltr'><strong>Aeneidis</strong></span> <span class='ocrx_word' id='word_1_257' title='bbox 1973 1555 2153 1596; x_wconf 92' lang='lat' dir='ltr'><strong>uersibus</strong></span> <span class='ocrx_word' id='word_1_258' title='bbox 2181 1556 2218 1596; x_wconf 93' lang='lat'><strong>11</strong></span> <span class='ocrx_word' id='word_1_259' title='bbox 2255 1556 2345 1596; x_wconf 87' lang='grc'><strong>255.</strong></span> <span class='ocrx_word' id='word_1_260' title='bbox 2377 1555 2458 1595; x_wconf 82' lang='grc'><strong>340</strong></span> 
     </span>
     <span class='ocr_line' id='line_1_22' title="bbox 258 1619 2457 1672; baseline 0 -13"><span class='ocrx_word' id='word_1_261' title='bbox 258 1622 451 1659; x_wconf 87' lang='lat' dir='ltr'><strong>traditum</strong></span> <span class='ocrx_word' id='word_1_262' title='bbox 480 1626 552 1666; x_wconf 88' lang='lat' dir='ltr'><strong>est,</strong></span> <span class='ocrx_word' id='word_1_263' title='bbox 593 1620 664 1657; x_wconf 91' lang='lat' dir='ltr'><strong>sed</strong></span> <span class='ocrx_word' id='word_1_264' title='bbox 702 1620 824 1657; x_wconf 91' lang='lat' dir='ltr'><strong>etiam</strong></span> <span class='ocrx_word' id='word_1_265' title='bbox 863 1620 903 1656; x_wconf 91' lang='lat' dir='ltr'><strong>in</strong></span> <span class='ocrx_word' id='word_1_266' title='bbox 940 1619 1090 1669; x_wconf 90' lang='lat' dir='ltr'><strong>speculi</strong></span> <span class='ocrx_word' id='word_1_267' title='bbox 1119 1619 1276 1657; x_wconf 90' lang='lat' dir='ltr'><strong>Etrusci</strong></span> <span class='ocrx_word' id='word_1_268' title='bbox 1305 1621 1414 1670; x_wconf 93' lang='lat' dir='ltr'><strong>quod</strong></span> <span class='ocrx_word' id='word_1_269' title='bbox 1442 1620 1581 1658; x_wconf 89' lang='lat' dir='ltr'><strong>Aiacis</strong></span> <span class='ocrx_word' id='word_1_270' title='bbox 1609 1621 1729 1658; x_wconf 90' lang='lat' dir='ltr'><strong>Locri</strong></span> <span class='ocrx_word' id='word_1_271' title='bbox 1758 1620 1913 1658; x_wconf 83' lang='lat' dir='ltr'><strong>facinus</strong></span> <span class='ocrx_word' id='word_1_272' title='bbox 1938 1621 2115 1659; x_wconf 87' lang='lat' dir='ltr'><strong>ostendit</strong></span> <span class='ocrx_word' id='word_1_273' title='bbox 2142 1621 2300 1672; x_wconf 89' lang='lat' dir='ltr'><strong>pictura</strong></span> <span class='ocrx_word' id='word_1_274' title='bbox 2328 1620 2402 1671; x_wconf 92' lang='lat' dir='ltr'><strong>(IV</strong></span> <span class='ocrx_word' id='word_1_275' title='bbox 2431 1621 2457 1660; x_wconf 87' lang='grc'><em>2</em></span> 
     </span>
     <span class='ocr_line' id='line_1_23' title="bbox 260 1683 2453 1735; baseline -0.001 -10"><span class='ocrx_word' id='word_1_276' title='bbox 260 1683 509 1725; x_wconf 93' lang='lat' dir='ltr'><strong>CCCXCIX</strong></span> <span class='ocrx_word' id='word_1_277' title='bbox 528 1698 566 1735; x_wconf 86' lang='lat' dir='ltr'><strong>p.</strong></span> <span class='ocrx_word' id='word_1_278' title='bbox 588 1683 642 1724; x_wconf 81' lang='grc'><strong>55</strong></span> <span class='ocrx_word' id='word_1_279' title='bbox 670 1683 919 1723; x_wconf 88' lang='lat' dir='ltr'><strong>collectionis</strong></span> <span class='ocrx_word' id='word_1_280' title='bbox 947 1683 1260 1735; x_wconf 91' lang='lat' dir='ltr'><strong>Gerhardianae)</strong></span> <span class='ocrx_word' id='word_1_281' title='bbox 1287 1686 1429 1723; x_wconf 88' lang='lat' dir='ltr'><strong>eadem</strong></span> <span class='ocrx_word' id='word_1_282' title='bbox 1457 1692 1625 1735; x_wconf 90' lang='lat' dir='ltr'><strong>apparet</strong></span> <span class='ocrx_word' id='word_1_283' title='bbox 1653 1686 1836 1723; x_wconf 92' lang='lat' dir='ltr'><strong>doctrina</strong></span> <span class='ocrx_word' id='word_1_284' title='bbox 1863 1686 1916 1724; x_wconf 90' lang='lat' dir='ltr'><strong>ab</strong></span> <span class='ocrx_word' id='word_1_285' title='bbox 1945 1686 2101 1724; x_wconf 90' lang='lat' dir='ltr'><strong>editore</strong></span> <span class='ocrx_word' id='word_1_286' title='bbox 2130 1699 2210 1724; x_wconf 90' lang='lat' dir='ltr'><strong>non</strong></span> <span class='ocrx_word' id='word_1_287' title='bbox 2239 1685 2453 1724; x_wconf 88' lang='lat' dir='ltr'><strong>intellecta.</strong></span> 
     </span>
     <span class='ocr_line' id='line_1_24' title="bbox 260 1748 2456 1801; baseline 0 -14"><span class='ocrx_word' id='word_1_288' title='bbox 260 1749 514 1800; x_wconf 89' lang='lat' dir='ltr'><strong>Theognidis</strong></span> <span class='ocrx_word' id='word_1_289' title='bbox 556 1749 735 1787; x_wconf 89' lang='lat' dir='ltr'><strong>carmina</strong></span> <span class='ocrx_word' id='word_1_290' title='bbox 776 1748 997 1800; x_wconf 88' lang='lat' dir='ltr'><strong>pictoribus</strong></span> <span class='ocrx_word' id='word_1_291' title='bbox 1040 1748 1290 1788; x_wconf 90' lang='lat' dir='ltr'><strong>uasculorum</strong></span> <span class='ocrx_word' id='word_1_292' title='bbox 1331 1750 1426 1788; x_wconf 91' lang='lat' dir='ltr'><strong>satis</strong></span> <span class='ocrx_word' id='word_1_293' title='bbox 1477 1755 1572 1789; x_wconf 92' lang='lat' dir='ltr'><strong>nota</strong></span> <span class='ocrx_word' id='word_1_294' title='bbox 1623 1749 1742 1789; x_wconf 85' lang='lat' dir='ltr'><strong>fuisse</strong></span> <span class='ocrx_word' id='word_1_295' title='bbox 1792 1750 1888 1789; x_wconf 89' lang='lat' dir='ltr'><strong>satis</strong></span> <span class='ocrx_word' id='word_1_296' title='bbox 1937 1756 2112 1789; x_wconf 90' lang='lat' dir='ltr'><strong>constat:</strong></span> <span class='ocrx_word' id='word_1_297' title='bbox 2164 1763 2257 1789; x_wconf 91' lang='lat' dir='ltr'><strong>cum</strong></span> <span class='ocrx_word' id='word_1_298' title='bbox 2310 1749 2456 1801; x_wconf 88' lang='lat' dir='ltr'><strong>legeris</strong></span> 
     </span>
     <span class='ocr_line' id='line_1_25' title="bbox 259 1813 2455 1868; baseline 0 -15"><span class='ocrx_word' id='word_1_299' title='bbox 259 1814 466 1865; x_wconf 88' lang='lat' dir='ltr'><strong>egregiam</strong></span> <span class='ocrx_word' id='word_1_300' title='bbox 496 1814 603 1852; x_wconf 90' lang='lat' dir='ltr'><strong>illam</strong></span> <span class='ocrx_word' id='word_1_301' title='bbox 633 1814 805 1865; x_wconf 89' lang='lat' dir='ltr'><strong>elegiam</strong></span> <span class='ocrx_word' id='word_1_302' title='bbox 834 1827 914 1865; x_wconf 92' lang='lat' dir='ltr'><strong>qua</strong></span> <span class='ocrx_word' id='word_1_303' title='bbox 942 1819 1064 1865; x_wconf 90' lang='lat' dir='ltr'><strong>poeta</strong></span> <span class='ocrx_word' id='word_1_304' title='bbox 1091 1813 1263 1865; x_wconf 89' lang='lat' dir='ltr'><strong>puellam</strong></span> <span class='ocrx_word' id='word_1_305' title='bbox 1292 1814 1475 1853; x_wconf 91' lang='lat' dir='ltr'><strong>deteriori</strong></span> <span class='ocrx_word' id='word_1_306' title='bbox 1505 1815 1591 1853; x_wconf 91' lang='lat' dir='ltr'><strong>uiro</strong></span> <span class='ocrx_word' id='word_1_307' title='bbox 1625 1827 1668 1854; x_wconf 86' lang='lat' dir='ltr'><strong>se</strong></span> <span class='ocrx_word' id='word_1_308' title='bbox 1702 1815 1864 1854; x_wconf 90' lang='lat' dir='ltr'><strong>dolente</strong></span> <span class='ocrx_word' id='word_1_309' title='bbox 1902 1821 2069 1868; x_wconf 90' lang='lat' dir='ltr'><strong>nuptam</strong></span> <span class='ocrx_word' id='word_1_310' title='bbox 2108 1816 2162 1854; x_wconf 92' lang='lat' dir='ltr'><strong>ad</strong></span> <span class='ocrx_word' id='word_1_311' title='bbox 2197 1815 2331 1854; x_wconf 91' lang='lat' dir='ltr'><strong>lacum</strong></span> <span class='ocrx_word' id='word_1_312' title='bbox 2360 1827 2385 1854; x_wconf 88' lang='lat' dir='ltr'><strong>a</strong></span> <span class='ocrx_word' id='word_1_313' title='bbox 2412 1827 2455 1854; x_wconf 86' lang='lat' dir='ltr'><strong>se</strong></span> 
     </span>
     <span class='ocr_line' id='line_1_26' title="bbox 260 1877 2454 1931; baseline -0 -12"><span class='ocrx_word' id='word_1_314' title='bbox 260 1879 463 1919; x_wconf 87' lang='lat' dir='ltr'><strong>conueniri</strong></span> <span class='ocrx_word' id='word_1_315' title='bbox 489 1877 710 1931; x_wconf 77' lang='grc' dir='ltr'>ὑδρεόουσαν</span> <span class='ocrx_word' id='word_1_316' title='bbox 732 1885 866 1918; x_wconf 86' lang='lat' dir='ltr'><strong>narrat</strong></span> <span class='ocrx_word' id='word_1_317' title='bbox 885 1879 973 1928; x_wconf 91' lang='grc'><strong>(261</strong></span> <span class='ocrx_word' id='word_1_318' title='bbox 993 1879 1052 1928; x_wconf 86' lang='grc' dir='ltr'><strong>Β),</strong></span> <span class='ocrx_word' id='word_1_319' title='bbox 1075 1879 1222 1917; x_wconf 87' lang='lat' dir='ltr'><strong>uasculi</strong></span> <span class='ocrx_word' id='word_1_320' title='bbox 1238 1880 1418 1929; x_wconf 90' lang='lat' dir='ltr'><strong>picturae</strong></span> <span class='ocrx_word' id='word_1_321' title='bbox 1437 1880 1705 1930; x_wconf 90' lang='lat' dir='ltr'><strong>lepidissimae</strong></span> <span class='ocrx_word' id='word_1_322' title='bbox 1729 1881 1968 1927; x_wconf 88' lang='lat' dir='ltr'><strong>memineris,</strong></span> <span class='ocrx_word' id='word_1_323' title='bbox 1992 1894 2095 1931; x_wconf 93' lang='lat' dir='ltr'><strong>quae</strong></span> <span class='ocrx_word' id='word_1_324' title='bbox 2121 1881 2160 1919; x_wconf 91' lang='lat' dir='ltr'><strong>in</strong></span> <span class='ocrx_word' id='word_1_325' title='bbox 2175 1881 2356 1919; x_wconf 90' lang='lat' dir='ltr'><strong>eiusdem</strong></span> <span class='ocrx_word' id='word_1_326' title='bbox 2382 1881 2454 1918; x_wconf 91' lang='lat' dir='ltr'><strong>uiri</strong></span> 
     </span>
     <span class='ocr_line' id='line_1_27' title="bbox 260 1944 2455 1996; baseline -0 -13"><span class='ocrx_word' id='word_1_327' title='bbox 260 1944 482 1983; x_wconf 89' lang='lat' dir='ltr'><strong>doctissimi</strong></span> <span class='ocrx_word' id='word_1_328' title='bbox 512 1944 781 1983; x_wconf 92' lang='lat' dir='ltr'><strong>uoluminibus</strong></span> <span class='ocrx_word' id='word_1_329' title='bbox 810 1944 1061 1983; x_wconf 87' lang='lat' dir='ltr'><strong>uascularum</strong></span> <span class='ocrx_word' id='word_1_330' title='bbox 1090 1944 1264 1994; x_wconf 89' lang='lat' dir='ltr'><strong>picturas</strong></span> <span class='ocrx_word' id='word_1_331' title='bbox 1300 1944 1593 1983; x_wconf 91' lang='lat' dir='ltr'><strong>continentibus</strong></span> <span class='ocrx_word' id='word_1_332' title='bbox 1627 1944 1795 1983; x_wconf 86' lang='lat' dir='ltr'><strong>selectas</strong></span> <span class='ocrx_word' id='word_1_333' title='bbox 1830 1945 2039 1996; x_wconf 89' lang='lat' dir='ltr'><strong>proposita</strong></span> <span class='ocrx_word' id='word_1_334' title='bbox 2075 1952 2136 1984; x_wconf 89' lang='lat' dir='ltr'><strong>est</strong></span> <span class='ocrx_word' id='word_1_335' title='bbox 2172 1945 2249 1983; x_wconf 94' lang='lat' dir='ltr'><strong>uol.</strong></span> <span class='ocrx_word' id='word_1_336' title='bbox 2281 1944 2342 1983; x_wconf 91' lang='lat' dir='ltr'><strong>IV</strong></span> <span class='ocrx_word' id='word_1_337' title='bbox 2371 1944 2455 1983; x_wconf 90' lang='lat' dir='ltr'><strong>tab.</strong></span> 
     </span>
     <span class='ocr_line' id='line_1_28' title="bbox 226 2008 2456 2063; baseline -0 -14"><span class='ocrx_word' id='word_1_338' title='bbox 226 2009 441 2063; x_wconf 24' lang='lat' dir='ltr'><strong>,CCC1X.</strong></span> <span class='ocrx_word' id='word_1_339' title='bbox 513 2009 652 2061; x_wconf 91' lang='lat' dir='ltr'><strong>Itaque</strong></span> <span class='ocrx_word' id='word_1_340' title='bbox 694 2009 746 2048; x_wconf 91' lang='lat' dir='ltr'><strong>ad</strong></span> <span class='ocrx_word' id='word_1_341' title='bbox 790 2008 1023 2049; x_wconf 90' lang='lat' dir='ltr'><strong>umbilicum</strong></span> <span class='ocrx_word' id='word_1_342' title='bbox 1065 2009 1180 2049; x_wconf 91' lang='lat' dir='ltr'><strong>huius</strong></span> <span class='ocrx_word' id='word_1_343' title='bbox 1221 2008 1341 2049; x_wconf 89' lang='lat' dir='ltr'><strong>libelli</strong></span> <span class='ocrx_word' id='word_1_344' title='bbox 1382 2009 1577 2049; x_wconf 90' lang='lat' dir='ltr'><strong>quenalis</strong></span> <span class='ocrx_word' id='word_1_345' title='bbox 1619 2023 1755 2049; x_wconf 91' lang='lat' dir='ltr'><strong>uersus</strong></span> <span class='ocrx_word' id='word_1_346' title='bbox 1793 2010 1832 2050; x_wconf 96' lang='lat' dir='ltr'>X</span> <span class='ocrx_word' id='word_1_347' title='bbox 1861 2010 1951 2050; x_wconf 84' lang='grc'><strong>248.</strong></span> <span class='ocrx_word' id='word_1_348' title='bbox 1982 2010 2063 2050; x_wconf 77' lang='grc'><strong>249</strong></span> <span class='ocrx_word' id='word_1_349' title='bbox 2106 2010 2256 2049; x_wconf 88' lang='lat' dir='ltr'><strong>uasculi</strong></span> <span class='ocrx_word' id='word_1_350' title='bbox 2299 2011 2456 2061; x_wconf 89' lang='lat' dir='ltr'><strong>pictura</strong></span> 
     </span>
     <span class='ocr_line' id='line_1_29' title="bbox 260 2074 2456 2127; baseline 0 -14"><span class='ocrx_word' id='word_1_351' title='bbox 260 2076 419 2113; x_wconf 89' lang='lat' dir='ltr'><strong>adiecta</strong></span> <span class='ocrx_word' id='word_1_352' title='bbox 447 2075 676 2121; x_wconf 87' lang='lat' dir='ltr'><strong>declarabo,</strong></span> <span class='ocrx_word' id='word_1_353' title='bbox 716 2074 783 2125; x_wconf 93' lang='lat' dir='ltr'><strong>qui</strong></span> <span class='ocrx_word' id='word_1_354' title='bbox 824 2075 875 2112; x_wconf 92' lang='lat' dir='ltr'><strong>de</strong></span> <span class='ocrx_word' id='word_1_355' title='bbox 913 2074 1085 2113; x_wconf 89' lang='lat' dir='ltr'><strong>Nestore</strong></span> <span class='ocrx_word' id='word_1_356' title='bbox 1119 2074 1337 2125; x_wconf 87' lang='lat' dir='ltr'><strong>longaeuo:</strong></span> <span class='ocrx_word' id='word_1_357' title='bbox 1382 2074 1500 2113; x_wconf 77' lang='lat' dir='ltr'><em>Felix</em></span> <span class='ocrx_word' id='word_1_358' title='bbox 1542 2075 1748 2113; x_wconf 79' lang='lat' dir='ltr'><strong>nimirum.</strong></span> <span class='ocrx_word' id='word_1_359' title='bbox 1793 2075 1932 2127; x_wconf 90' lang='lat' dir='ltr'><strong>inquit,</strong></span> <span class='ocrx_word' id='word_1_360' title='bbox 1978 2076 2049 2127; x_wconf 79' lang='lat' dir='ltr'><strong>qui</strong></span> <span class='ocrx_word' id='word_1_361' title='bbox 2086 2082 2142 2114; x_wconf 80' lang='lat' dir='ltr'><strong>tot</strong></span> <span class='ocrx_word' id='word_1_362' title='bbox 2172 2082 2254 2126; x_wconf 83' lang='lat' dir='ltr'><strong>pcr</strong></span> <span class='ocrx_word' id='word_1_363' title='bbox 2295 2074 2456 2114; x_wconf 79' lang='lat' dir='ltr'><strong>saccula</strong></span> 
     </span>
     <span class='ocr_line' id='line_1_30' title="bbox 261 2129 2454 2190; baseline -0.001 -11"><span class='ocrx_word' id='word_1_364' title='bbox 261 2147 426 2179; x_wconf 74' lang='lat' dir='ltr'><strong>mortem</strong></span> <span class='ocrx_word' id='word_1_365' title='bbox 447 2140 617 2178; x_wconf 79' lang='lat' dir='ltr'><strong>Distulit</strong></span> <span class='ocrx_word' id='word_1_366' title='bbox 641 2147 757 2189; x_wconf 83' lang='lat' dir='ltr'><strong>atque</strong></span> <span class='ocrx_word' id='word_1_367' title='bbox 784 2153 875 2178; x_wconf 79' lang='lat' dir='ltr'><strong>suos</strong></span> <span class='ocrx_word' id='word_1_368' title='bbox 902 2141 985 2178; x_wconf 84' lang='lat' dir='ltr'><strong>iam</strong></span> <span class='ocrx_word' id='word_1_369' title='bbox 1014 2141 1160 2178; x_wconf 80' lang='lat' dir='ltr'><strong>dextra</strong></span> <span class='ocrx_word' id='word_1_370' title='bbox 1188 2146 1382 2188; x_wconf 84' lang='lat' dir='ltr'><strong>computat</strong></span> <span class='ocrx_word' id='word_1_371' title='bbox 1406 2153 1538 2177; x_wconf 84' lang='lat' dir='ltr'><strong>annos.</strong></span> <span class='ocrx_word' id='word_1_372' title='bbox 1588 2140 1739 2189; x_wconf 89' lang='lat' dir='ltr'><strong>Agitur</strong></span> <span class='ocrx_word' id='word_1_373' title='bbox 1767 2140 1818 2177; x_wconf 91' lang='lat' dir='ltr'><strong>de</strong></span> <span class='ocrx_word' id='word_1_374' title='bbox 1837 2129 2140 2190; x_wconf 85' lang='lat' dir='ltr'><strong>computatione</strong></span> <span class='ocrx_word' id='word_1_375' title='bbox 2169 2140 2307 2190; x_wconf 85' lang='lat' dir='ltr'><strong>digitis</strong></span> <span class='ocrx_word' id='word_1_376' title='bbox 2335 2139 2454 2183; x_wconf 84' lang='lat' dir='ltr'><strong>sacta,</strong></span> 
     </span>
     <span class='ocr_line' id='line_1_31' title="bbox 260 2203 2454 2257; baseline -0.001 -13"><span class='ocrx_word' id='word_1_377' title='bbox 260 2218 341 2257; x_wconf 92' lang='lat' dir='ltr'><strong>qua</strong></span> <span class='ocrx_word' id='word_1_378' title='bbox 383 2205 435 2244; x_wconf 92' lang='lat' dir='ltr'><strong>de</strong></span> <span class='ocrx_word' id='word_1_379' title='bbox 478 2217 519 2244; x_wconf 89' lang='lat' dir='ltr'><strong>re</strong></span> <span class='ocrx_word' id='word_1_380' title='bbox 561 2204 873 2244; x_wconf 87' lang='lat' dir='ltr'><strong>commentarios</strong></span> <span class='ocrx_word' id='word_1_381' title='bbox 917 2204 1109 2256; x_wconf 91' lang='lat' dir='ltr'><strong>reliquere</strong></span> <span class='ocrx_word' id='word_1_382' title='bbox 1151 2204 1339 2243; x_wconf 91' lang='lat' dir='ltr'><strong>Nicolaus</strong></span> <span class='ocrx_word' id='word_1_383' title='bbox 1381 2203 1624 2255; x_wconf 87' lang='lat' dir='ltr'><strong>Smyrnaeus</strong></span> <span class='ocrx_word' id='word_1_384' title='bbox 1667 2203 1783 2252; x_wconf 89' lang='lat' dir='ltr'><strong>(conf.</strong></span> <span class='ocrx_word' id='word_1_385' title='bbox 1822 2203 2054 2244; x_wconf 85' lang='lat' dir='ltr'><strong>Schneideri</strong></span> <span class='ocrx_word' id='word_1_386' title='bbox 2100 2205 2229 2255; x_wconf 86' lang='lat' dir='ltr'><strong>eclog.</strong></span> <span class='ocrx_word' id='word_1_387' title='bbox 2279 2204 2395 2255; x_wconf 88' lang='lat' dir='ltr'><strong>phys.</strong></span> <span class='ocrx_word' id='word_1_388' title='bbox 2437 2203 2454 2242; x_wconf 95' lang='grc' dir='ltr'>Ι</span> 
     </span>
     <span class='ocr_line' id='line_1_32' title="bbox 261 2268 2454 2320; baseline -0 -13"><span class='ocrx_word' id='word_1_389' title='bbox 261 2284 299 2320; x_wconf 92' lang='lat' dir='ltr'><strong>p.</strong></span> <span class='ocrx_word' id='word_1_390' title='bbox 330 2270 423 2314; x_wconf 85' lang='lat'><strong>477)</strong></span> <span class='ocrx_word' id='word_1_391' title='bbox 452 2276 493 2307; x_wconf 91' lang='lat' dir='ltr'><strong>et</strong></span> <span class='ocrx_word' id='word_1_392' title='bbox 524 2269 636 2307; x_wconf 88' lang='lat' dir='ltr'><strong>Beda</strong></span> <span class='ocrx_word' id='word_1_393' title='bbox 663 2269 917 2307; x_wconf 90' lang='lat' dir='ltr'><strong>Venerabilis</strong></span> <span class='ocrx_word' id='word_1_394' title='bbox 954 2270 1005 2307; x_wconf 90' lang='lat' dir='ltr'><strong>de</strong></span> <span class='ocrx_word' id='word_1_395' title='bbox 1044 2276 1236 2319; x_wconf 92' lang='lat' dir='ltr'><strong>computo</strong></span> <span class='ocrx_word' id='word_1_396' title='bbox 1273 2269 1334 2307; x_wconf 89' lang='lat' dir='ltr'><strong>uel</strong></span> <span class='ocrx_word' id='word_1_397' title='bbox 1373 2269 1530 2319; x_wconf 88' lang='lat' dir='ltr'><strong>loquela</strong></span> <span class='ocrx_word' id='word_1_398' title='bbox 1568 2269 1788 2318; x_wconf 85' lang='lat' dir='ltr'><strong>digitorum</strong></span> <span class='ocrx_word' id='word_1_399' title='bbox 1827 2269 1904 2307; x_wconf 90' lang='lat' dir='ltr'><strong>uol.</strong></span> <span class='ocrx_word' id='word_1_400' title='bbox 1933 2269 1993 2307; x_wconf 92' lang='lat' dir='ltr'><strong>VI</strong></span> <span class='ocrx_word' id='word_1_401' title='bbox 2022 2282 2060 2319; x_wconf 91' lang='lat' dir='ltr'><strong>p.</strong></span> <span class='ocrx_word' id='word_1_402' title='bbox 2095 2270 2165 2308; x_wconf 81' lang='lat'><strong>141</strong></span> <span class='ocrx_word' id='word_1_403' title='bbox 2199 2269 2294 2307; x_wconf 89' lang='lat' dir='ltr'><strong>edit.</strong></span> <span class='ocrx_word' id='word_1_404' title='bbox 2332 2268 2454 2307; x_wconf 82' lang='lat' dir='ltr'><strong>Giles.</strong></span> 
     </span>
     <span class='ocr_line' id='line_1_33' title="bbox 261 2332 2456 2384; baseline -0.001 -12"><span class='ocrx_word' id='word_1_405' title='bbox 261 2334 390 2372; x_wconf 92' lang='lat' dir='ltr'><strong>Lond.</strong></span> <span class='ocrx_word' id='word_1_406' title='bbox 426 2333 541 2380; x_wconf 76' lang='lat'><strong>1843,</strong></span> <span class='ocrx_word' id='word_1_407' title='bbox 572 2334 717 2372; x_wconf 87' lang='lat' dir='ltr'><strong>nostris</strong></span> <span class='ocrx_word' id='word_1_408' title='bbox 745 2333 996 2384; x_wconf 86' lang='lat' dir='ltr'><strong>temporibus</strong></span> <span class='ocrx_word' id='word_1_409' title='bbox 1035 2334 1265 2372; x_wconf 89' lang='lat' dir='ltr'><strong>doctissime</strong></span> <span class='ocrx_word' id='word_1_410' title='bbox 1293 2333 1469 2371; x_wconf 91' lang='lat' dir='ltr'><strong>omnium</strong></span> <span class='ocrx_word' id='word_1_411' title='bbox 1498 2333 1717 2383; x_wconf 90' lang='lat' dir='ltr'><strong>disputauit</strong></span> <span class='ocrx_word' id='word_1_412' title='bbox 1746 2332 1792 2370; x_wconf 85' lang='lat' dir='ltr'><strong>E.</strong></span> <span class='ocrx_word' id='word_1_413' title='bbox 1824 2332 2030 2383; x_wconf 86' lang='lat' dir='ltr'><strong>Roediger</strong></span> <span class='ocrx_word' id='word_1_414' title='bbox 2060 2334 2099 2371; x_wconf 91' lang='lat' dir='ltr'><strong>in</strong></span> <span class='ocrx_word' id='word_1_415' title='bbox 2127 2334 2228 2371; x_wconf 89' lang='lat' dir='ltr'><strong>actis</strong></span> <span class='ocrx_word' id='word_1_416' title='bbox 2256 2333 2456 2370; x_wconf 87' lang='lat' dir='ltr'><strong>annuariis</strong></span> 
     </span>
     <span class='ocr_line' id='line_1_34' title="bbox 261 2397 2456 2447; baseline -0.001 -11"><span class='ocrx_word' id='word_1_417' title='bbox 261 2399 465 2437; x_wconf 88' lang='lat' dir='ltr'><strong>societatis</strong></span> <span class='ocrx_word' id='word_1_418' title='bbox 494 2397 711 2436; x_wconf 87' lang='lat' dir='ltr'><strong>Orientalis</strong></span> <span class='ocrx_word' id='word_1_419' title='bbox 750 2398 1015 2437; x_wconf 86' lang='lat' dir='ltr'><strong>Germanicae</strong></span> <span class='ocrx_word' id='word_1_420' title='bbox 1053 2411 1245 2436; x_wconf 92' lang='lat' dir='ltr'><strong>annorum</strong></span> <span class='ocrx_word' id='word_1_421' title='bbox 1277 2397 1389 2436; x_wconf 79' lang='lat'><strong>1845.</strong></span> <span class='ocrx_word' id='word_1_422' title='bbox 1423 2397 1526 2436; x_wconf 81' lang='lat'><strong>1846</strong></span> <span class='ocrx_word' id='word_1_423' title='bbox 1554 2411 1592 2447; x_wconf 91' lang='lat' dir='ltr'><strong>p.</strong></span> <span class='ocrx_word' id='word_1_424' title='bbox 1627 2398 1714 2442; x_wconf 92' lang='lat'><strong>111,</strong></span> <span class='ocrx_word' id='word_1_425' title='bbox 1755 2409 1889 2447; x_wconf 88' lang='lat' dir='ltr'><strong>nuper,</strong></span> <span class='ocrx_word' id='word_1_426' title='bbox 1930 2403 1973 2434; x_wconf 92' lang='lat' dir='ltr'><strong>ut</strong></span> <span class='ocrx_word' id='word_1_427' title='bbox 2008 2398 2108 2435; x_wconf 90' lang='lat' dir='ltr'><strong>alios</strong></span> <span class='ocrx_word' id='word_1_428' title='bbox 2145 2397 2331 2435; x_wconf 91' lang='lat' dir='ltr'><strong>omittam</strong></span> <span class='ocrx_word' id='word_1_429' title='bbox 2370 2409 2456 2447; x_wconf 89' lang='lat' dir='ltr'><strong>per-</strong></span> 
     </span>
     <span class='ocr_line' id='line_1_35' title="bbox 262 2459 2456 2513; baseline -0.001 -11"><span class='ocrx_word' id='word_1_430' title='bbox 262 2462 410 2502; x_wconf 79' lang='lat' dir='ltr'><strong>multos</strong></span> <span class='ocrx_word' id='word_1_431' title='bbox 437 2486 490 2490; x_wconf 96' lang='lat'><strong>—</strong></span> <span class='ocrx_word' id='word_1_432' title='bbox 519 2476 568 2502; x_wconf 91' lang='lat' dir='ltr'><strong>ea</strong></span> <span class='ocrx_word' id='word_1_433' title='bbox 610 2462 715 2502; x_wconf 88' lang='lat' dir='ltr'><strong>enim</strong></span> <span class='ocrx_word' id='word_1_434' title='bbox 758 2462 986 2513; x_wconf 88' lang='lat' dir='ltr'><strong>gratissima</strong></span> <span class='ocrx_word' id='word_1_435' title='bbox 1028 2462 1252 2513; x_wconf 89' lang='lat' dir='ltr'><strong>legentibus</strong></span> <span class='ocrx_word' id='word_1_436' title='bbox 1288 2463 1513 2501; x_wconf 88' lang='lat' dir='ltr'><strong>dissertatio</strong></span> <span class='ocrx_word' id='word_1_437' title='bbox 1548 2459 1624 2513; x_wconf 77' lang='grc' dir='ltr'><strong>ἥτις</strong></span> <span class='ocrx_word' id='word_1_438' title='bbox 1653 2460 1885 2500; x_wconf 76' lang='grc' dir='ltr'>ἀκουόντεσσι</span> <span class='ocrx_word' id='word_1_439' title='bbox 1922 2461 2085 2512; x_wconf 75' lang='grc' dir='ltr'>νεωτάτη</span> <span class='ocrx_word' id='word_1_440' title='bbox 2124 2460 2376 2513; x_wconf 67' lang='grc' dir='ltr'>ἀμφιπέληται</span> <span class='ocrx_word' id='word_1_441' title='bbox 2405 2484 2456 2488; x_wconf 62' lang='lat'><strong>—&lt;</strong></span> 
     </span>
     <span class='ocr_line' id='line_1_36' title="bbox 262 2524 2457 2577; baseline -0.001 -12"><span class='ocrx_word' id='word_1_442' title='bbox 262 2528 311 2565; x_wconf 90' lang='lat' dir='ltr'><strong>G.</strong></span> <span class='ocrx_word' id='word_1_443' title='bbox 341 2527 546 2564; x_wconf 88' lang='lat' dir='ltr'><strong>Froehner</strong></span> <span class='ocrx_word' id='word_1_444' title='bbox 585 2528 624 2564; x_wconf 91' lang='lat' dir='ltr'><strong>in</strong></span> <span class='ocrx_word' id='word_1_445' title='bbox 656 2527 935 2565; x_wconf 87' lang='lat' dir='ltr'><strong>dissertatione</strong></span> <span class='ocrx_word' id='word_1_446' title='bbox 963 2539 1035 2565; x_wconf 90' lang='lat' dir='ltr'><strong>sua</strong></span> <span class='ocrx_word' id='word_1_447' title='bbox 1062 2527 1099 2564; x_wconf 82' lang='lat' dir='ltr'><strong>le</strong></span> <span class='ocrx_word' id='word_1_448' title='bbox 1126 2533 1278 2577; x_wconf 72' lang='lat' dir='ltr'><strong>compat</strong></span> <span class='ocrx_word' id='word_1_449' title='bbox 1302 2526 1458 2576; x_wconf 63' lang='lat' dir='ltr'><strong>degrttal.</strong></span> <span class='ocrx_word' id='word_1_450' title='bbox 1488 2527 1538 2564; x_wconf 89' lang='lat' dir='ltr'><strong>de</strong></span> <span class='ocrx_word' id='word_1_451' title='bbox 1567 2538 1646 2576; x_wconf 92' lang='lat' dir='ltr'><strong>qua</strong></span> <span class='ocrx_word' id='word_1_452' title='bbox 1675 2526 1842 2564; x_wconf 87' lang='lat' dir='ltr'><strong>relatum</strong></span> <span class='ocrx_word' id='word_1_453' title='bbox 1870 2531 1932 2564; x_wconf 90' lang='lat' dir='ltr'><strong>est</strong></span> <span class='ocrx_word' id='word_1_454' title='bbox 1961 2526 2000 2564; x_wconf 91' lang='lat' dir='ltr'><strong>in</strong></span> <span class='ocrx_word' id='word_1_455' title='bbox 2028 2526 2129 2565; x_wconf 88' lang='lat' dir='ltr'><strong>actis</strong></span> <span class='ocrx_word' id='word_1_456' title='bbox 2157 2526 2303 2577; x_wconf 91' lang='lat' dir='ltr'><strong>synodi</strong></span> <span class='ocrx_word' id='word_1_457' title='bbox 2333 2524 2457 2576; x_wconf 90' lang='lat' dir='ltr'><strong>philo-</strong></span> 
     </span>
     <span class='ocr_line' id='line_1_37' title="bbox 262 2591 2459 2643; baseline -0.001 -13"><span class='ocrx_word' id='word_1_458' title='bbox 262 2592 447 2642; x_wconf 89' lang='lat' dir='ltr'><strong>logorum</strong></span> <span class='ocrx_word' id='word_1_459' title='bbox 468 2591 672 2631; x_wconf 91' lang='lat' dir='ltr'>XXXVII</span> <span class='ocrx_word' id='word_1_460' title='bbox 691 2605 729 2643; x_wconf 92' lang='lat' dir='ltr'><strong>p.</strong></span> <span class='ocrx_word' id='word_1_461' title='bbox 755 2591 842 2631; x_wconf 86' lang='lat'><strong>191.</strong></span> <span class='ocrx_word' id='word_1_462' title='bbox 889 2591 1025 2642; x_wconf 83' lang='lat' dir='ltr'><strong>Quare</strong></span> <span class='ocrx_word' id='word_1_463' title='bbox 1051 2593 1102 2631; x_wconf 92' lang='lat' dir='ltr'><strong>de</strong></span> <span class='ocrx_word' id='word_1_464' title='bbox 1130 2592 1220 2631; x_wconf 93' lang='lat' dir='ltr'><strong>loco</strong></span> <span class='ocrx_word' id='word_1_465' title='bbox 1248 2591 1442 2630; x_wconf 90' lang='lat' dir='ltr'><strong>quenalis</strong></span> <span class='ocrx_word' id='word_1_466' title='bbox 1470 2592 1633 2629; x_wconf 89' lang='lat' dir='ltr'><strong>omnino</strong></span> <span class='ocrx_word' id='word_1_467' title='bbox 1661 2591 1813 2640; x_wconf 89' lang='lat' dir='ltr'><strong>ambigi</strong></span> <span class='ocrx_word' id='word_1_468' title='bbox 1843 2603 1923 2628; x_wconf 92' lang='lat' dir='ltr'><strong>non</strong></span> <span class='ocrx_word' id='word_1_469' title='bbox 1952 2591 2064 2629; x_wconf 89' lang='lat' dir='ltr'><strong>licet:</strong></span> <span class='ocrx_word' id='word_1_470' title='bbox 2097 2604 2285 2629; x_wconf 92' lang='lat' dir='ltr'><strong>numeros</strong></span> <span class='ocrx_word' id='word_1_471' title='bbox 2314 2591 2407 2628; x_wconf 90' lang='lat' dir='ltr'><strong>inde</strong></span> <span class='ocrx_word' id='word_1_472' title='bbox 2435 2604 2459 2628; x_wconf 89' lang='lat' dir='ltr'><strong>a</strong></span> 
     </span>
     <span class='ocr_line' id='line_1_38' title="bbox 261 2655 2459 2709; baseline -0.001 -13"><span class='ocrx_word' id='word_1_473' title='bbox 261 2657 395 2709; x_wconf 90' lang='lat' dir='ltr'><strong>primo</strong></span> <span class='ocrx_word' id='word_1_474' title='bbox 413 2669 538 2708; x_wconf 91' lang='lat' dir='ltr'><strong>usque</strong></span> <span class='ocrx_word' id='word_1_475' title='bbox 557 2656 610 2696; x_wconf 91' lang='lat' dir='ltr'><strong>ad</strong></span> <span class='ocrx_word' id='word_1_476' title='bbox 630 2657 893 2697; x_wconf 91' lang='lat' dir='ltr'><strong>centesimum</strong></span> <span class='ocrx_word' id='word_1_477' title='bbox 914 2657 1039 2705; x_wconf 90' lang='lat' dir='ltr'><strong>laeua,</strong></span> <span class='ocrx_word' id='word_1_478' title='bbox 1057 2657 1200 2697; x_wconf 84' lang='lat' dir='ltr'><strong>dextra</strong></span> <span class='ocrx_word' id='word_1_479' title='bbox 1219 2656 1464 2697; x_wconf 91' lang='lat' dir='ltr'><strong>centenarios</strong></span> <span class='ocrx_word' id='word_1_480' title='bbox 1483 2662 1523 2695; x_wconf 89' lang='lat' dir='ltr'><strong>et</strong></span> <span class='ocrx_word' id='word_1_481' title='bbox 1544 2655 1783 2694; x_wconf 90' lang='lat' dir='ltr'><strong>millenarios</strong></span> <span class='ocrx_word' id='word_1_482' title='bbox 1802 2655 2047 2705; x_wconf 87' lang='lat' dir='ltr'><strong>effingebant</strong></span> <span class='ocrx_word' id='word_1_483' title='bbox 2065 2657 2290 2706; x_wconf 90' lang='lat' dir='ltr'><strong>eademque</strong></span> <span class='ocrx_word' id='word_1_484' title='bbox 2306 2656 2459 2694; x_wconf 88' lang='lat' dir='ltr'><strong>ratione</strong></span> 
     </span>
     <span class='ocr_line' id='line_1_39' title="bbox 264 2719 2459 2774; baseline -0.001 -14"><span class='ocrx_word' id='word_1_485' title='bbox 264 2722 477 2760; x_wconf 90' lang='lat' dir='ltr'><strong>utebantur</strong></span> <span class='ocrx_word' id='word_1_486' title='bbox 496 2734 575 2760; x_wconf 87' lang='lat' dir='ltr'><strong>non</strong></span> <span class='ocrx_word' id='word_1_487' title='bbox 594 2722 723 2760; x_wconf 91' lang='lat' dir='ltr'><strong>solum</strong></span> <span class='ocrx_word' id='word_1_488' title='bbox 745 2721 890 2760; x_wconf 91' lang='lat' dir='ltr'><strong>Graeci</strong></span> <span class='ocrx_word' id='word_1_489' title='bbox 915 2722 1168 2774; x_wconf 90' lang='lat' dir='ltr'><strong>Romanique</strong></span> <span class='ocrx_word' id='word_1_490' title='bbox 1196 2722 1266 2761; x_wconf 89' lang='lat' dir='ltr'><strong>sed</strong></span> <span class='ocrx_word' id='word_1_491' title='bbox 1294 2722 1414 2759; x_wconf 86' lang='lat' dir='ltr'><strong>etiam</strong></span> <span class='ocrx_word' id='word_1_492' title='bbox 1443 2719 1619 2759; x_wconf 90' lang='lat' dir='ltr'><strong>Orientis</strong></span> <span class='ocrx_word' id='word_1_493' title='bbox 1645 2719 1796 2770; x_wconf 90' lang='lat' dir='ltr'><strong>populi,</strong></span> <span class='ocrx_word' id='word_1_494' title='bbox 1826 2720 1899 2758; x_wconf 90' lang='lat' dir='ltr'><strong>nisi</strong></span> <span class='ocrx_word' id='word_1_495' title='bbox 1926 2721 2037 2771; x_wconf 92' lang='lat' dir='ltr'><strong>quod</strong></span> <span class='ocrx_word' id='word_1_496' title='bbox 2062 2720 2101 2758; x_wconf 92' lang='lat' dir='ltr'><strong>hi</strong></span> <span class='ocrx_word' id='word_1_497' title='bbox 2130 2720 2197 2758; x_wconf 92' lang='lat' dir='ltr'><strong>ubi</strong></span> <span class='ocrx_word' id='word_1_498' title='bbox 2228 2720 2283 2758; x_wconf 91' lang='lat' dir='ltr'><strong>illi</strong></span> <span class='ocrx_word' id='word_1_499' title='bbox 2313 2720 2459 2759; x_wconf 85' lang='lat' dir='ltr'><strong>dextra</strong></span> 
     </span>
     <span class='ocr_line' id='line_1_40' title="bbox 263 2784 2459 2836; baseline -0 -11"><span class='ocrx_word' id='word_1_500' title='bbox 263 2787 475 2834; x_wconf 86' lang='lat' dir='ltr'><strong>sinistram,</strong></span> <span class='ocrx_word' id='word_1_501' title='bbox 506 2786 573 2825; x_wconf 93' lang='lat' dir='ltr'><strong>ubi</strong></span> <span class='ocrx_word' id='word_1_502' title='bbox 602 2786 759 2825; x_wconf 89' lang='lat' dir='ltr'><strong>sinistra</strong></span> <span class='ocrx_word' id='word_1_503' title='bbox 787 2787 1001 2826; x_wconf 90' lang='lat' dir='ltr'><strong>utebantur</strong></span> <span class='ocrx_word' id='word_1_504' title='bbox 1029 2787 1214 2826; x_wconf 90' lang='lat' dir='ltr'><strong>dextram</strong></span> <span class='ocrx_word' id='word_1_505' title='bbox 1242 2785 1555 2825; x_wconf 58' lang='lat' dir='ltr'><strong>substituebant:</strong></span> <span class='ocrx_word' id='word_1_506' title='bbox 1589 2784 1632 2822; x_wconf 92' lang='lat' dir='ltr'><strong>In</strong></span> <span class='ocrx_word' id='word_1_507' title='bbox 1661 2785 1826 2823; x_wconf 87' lang='lat' dir='ltr'><strong>uasculo</strong></span> <span class='ocrx_word' id='word_1_508' title='bbox 1854 2785 1922 2823; x_wconf 93' lang='lat' dir='ltr'><strong>illo</strong></span> <span class='ocrx_word' id='word_1_509' title='bbox 1941 2785 2070 2824; x_wconf 88' lang='lat' dir='ltr'><strong>Musei</strong></span> <span class='ocrx_word' id='word_1_510' title='bbox 2090 2784 2328 2836; x_wconf 87' lang='lat' dir='ltr'><strong>Gregoriani</strong></span> <span class='ocrx_word' id='word_1_511' title='bbox 2348 2786 2459 2836; x_wconf 92' lang='lat' dir='ltr'><strong>quod</strong></span> 
     </span>
     <span class='ocr_line' id='line_1_41' title="bbox 263 2848 2461 2904; baseline -0.001 -13"><span class='ocrx_word' id='word_1_512' title='bbox 263 2851 365 2892; x_wconf 91' lang='lat' dir='ltr'><strong>Otto</strong></span> <span class='ocrx_word' id='word_1_513' title='bbox 384 2852 482 2891; x_wconf 91' lang='lat' dir='ltr'><strong>Iahn</strong></span> <span class='ocrx_word' id='word_1_514' title='bbox 501 2852 602 2891; x_wconf 89' lang='lat' dir='ltr'><strong>actis</strong></span> <span class='ocrx_word' id='word_1_515' title='bbox 620 2852 757 2892; x_wconf 89' lang='lat' dir='ltr'><strong>societ.</strong></span> <span class='ocrx_word' id='word_1_516' title='bbox 779 2865 860 2904; x_wconf 90' lang='lat' dir='ltr'><strong>reg.</strong></span> <span class='ocrx_word' id='word_1_517' title='bbox 885 2852 1038 2892; x_wconf 88' lang='lat' dir='ltr'><strong>Saxon.</strong></span> <span class='ocrx_word' id='word_1_518' title='bbox 1061 2853 1162 2893; x_wconf 89' lang='grc'><strong>1867</strong></span> <span class='ocrx_word' id='word_1_519' title='bbox 1185 2852 1280 2902; x_wconf 85' lang='lat' dir='ltr'><strong>(tab.</strong></span> <span class='ocrx_word' id='word_1_520' title='bbox 1302 2851 1356 2890; x_wconf 95' lang='lat' dir='ltr'><strong>III</strong></span> <span class='ocrx_word' id='word_1_521' title='bbox 1375 2850 1413 2899; x_wconf 86' lang='lat'><strong>3)</strong></span> <span class='ocrx_word' id='word_1_522' title='bbox 1433 2863 1471 2902; x_wconf 93' lang='lat' dir='ltr'><strong>p.</strong></span> <span class='ocrx_word' id='word_1_523' title='bbox 1494 2849 1544 2889; x_wconf 83' lang='lat'><strong>89</strong></span> <span class='ocrx_word' id='word_1_524' title='bbox 1565 2850 1763 2890; x_wconf 87' lang='lat' dir='ltr'><strong>enarrauit</strong></span> <span class='ocrx_word' id='word_1_525' title='bbox 1792 2848 2017 2902; x_wconf 78' lang='grc' dir='ltr'>ἑλαιοπώλης</span> <span class='ocrx_word' id='word_1_526' title='bbox 2036 2850 2283 2902; x_wconf 89' lang='lat' dir='ltr'><strong>conspicitur</strong></span> <span class='ocrx_word' id='word_1_527' title='bbox 2301 2849 2461 2890; x_wconf 89' lang='lat' dir='ltr'><strong>sinistra</strong></span> 
     </span>
     <span class='ocr_line' id='line_1_42' title="bbox 263 2915 2460 2968; baseline -0.001 -12"><span class='ocrx_word' id='word_1_528' title='bbox 263 2918 459 2957; x_wconf 89' lang='lat' dir='ltr'><strong>rationem</strong></span> <span class='ocrx_word' id='word_1_529' title='bbox 498 2923 748 2967; x_wconf 90' lang='lat' dir='ltr'><strong>computans,</strong></span> <span class='ocrx_word' id='word_1_530' title='bbox 784 2918 966 2956; x_wconf 92' lang='lat' dir='ltr'><strong>similiter</strong></span> <span class='ocrx_word' id='word_1_531' title='bbox 1005 2919 1150 2956; x_wconf 88' lang='lat' dir='ltr'><strong>dextra</strong></span> <span class='ocrx_word' id='word_1_532' title='bbox 1188 2915 1437 2968; x_wconf 75' lang='grc' dir='ltr'>ἀναπεμπάζει</span> <span class='ocrx_word' id='word_1_533' title='bbox 1474 2928 1672 2953; x_wconf 88' lang='lat' dir='ltr'><strong>summam</strong></span> <span class='ocrx_word' id='word_1_534' title='bbox 1711 2916 1750 2952; x_wconf 94' lang='lat' dir='ltr'><strong>in</strong></span> <span class='ocrx_word' id='word_1_535' title='bbox 1788 2916 2023 2966; x_wconf 91' lang='lat' dir='ltr'><strong>anaglypho</strong></span> <span class='ocrx_word' id='word_1_536' title='bbox 2051 2915 2278 2954; x_wconf 89' lang='lat' dir='ltr'><strong>Aesernino</strong></span> <span class='ocrx_word' id='word_1_537' title='bbox 2307 2916 2460 2955; x_wconf 88' lang='lat' dir='ltr'><strong>ibidem</strong></span> 
     </span>
     <span class='ocr_line' id='line_1_43' title="bbox 264 2980 2463 3034; baseline -0 -13"><span class='ocrx_word' id='word_1_538' title='bbox 264 2981 367 3022; x_wconf 88' lang='grc'><strong>1861</strong></span> <span class='ocrx_word' id='word_1_539' title='bbox 389 2981 471 3021; x_wconf 91' lang='lat' dir='ltr'><strong>tab.</strong></span> <span class='ocrx_word' id='word_1_540' title='bbox 493 2981 534 3021; x_wconf 95' lang='lat' dir='ltr'>X</span> <span class='ocrx_word' id='word_1_541' title='bbox 553 2981 578 3021; x_wconf 90' lang='lat'><strong>6</strong></span> <span class='ocrx_word' id='word_1_542' title='bbox 607 2994 724 3033; x_wconf 89' lang='lat' dir='ltr'><strong>copo.</strong></span> <span class='ocrx_word' id='word_1_543' title='bbox 770 2982 912 3034; x_wconf 93' lang='lat' dir='ltr'><strong>Neque</strong></span> <span class='ocrx_word' id='word_1_544' title='bbox 940 2982 1045 3022; x_wconf 91' lang='lat' dir='ltr'><strong>enim</strong></span> <span class='ocrx_word' id='word_1_545' title='bbox 1075 2982 1141 3021; x_wconf 90' lang='lat' dir='ltr'><strong>illa</strong></span> <span class='ocrx_word' id='word_1_546' title='bbox 1168 2995 1287 3033; x_wconf 89' lang='lat' dir='ltr'><strong>quam</strong></span> <span class='ocrx_word' id='word_1_547' title='bbox 1316 2980 1511 3020; x_wconf 89' lang='lat' dir='ltr'><strong>quenalis</strong></span> <span class='ocrx_word' id='word_1_548' title='bbox 1539 2980 1669 3031; x_wconf 90' lang='lat' dir='ltr'><strong>tangit</strong></span> <span class='ocrx_word' id='word_1_549' title='bbox 1698 2980 1800 3019; x_wconf 91' lang='lat' dir='ltr'><strong>ratio</strong></span> <span class='ocrx_word' id='word_1_550' title='bbox 1828 2987 1869 3019; x_wconf 91' lang='lat' dir='ltr'><strong>et</strong></span> <span class='ocrx_word' id='word_1_551' title='bbox 1897 2981 2082 3019; x_wconf 89' lang='lat' dir='ltr'><strong>doctrina</strong></span> <span class='ocrx_word' id='word_1_552' title='bbox 2110 2981 2347 3032; x_wconf 88' lang='lat' dir='ltr'><strong>plebeculae</strong></span> <span class='ocrx_word' id='word_1_553' title='bbox 2374 2987 2463 3020; x_wconf 90' lang='lat' dir='ltr'><strong>erat</strong></span> 
     </span>
     <span class='ocr_line' id='line_1_44' title="bbox 263 3045 2464 3099; baseline 0 -12"><span class='ocrx_word' id='word_1_554' title='bbox 263 3047 335 3087; x_wconf 88' lang='lat' dir='ltr'><strong>sed</strong></span> <span class='ocrx_word' id='word_1_555' title='bbox 376 3047 719 3087; x_wconf 86' lang='lat' dir='ltr'><strong>arithmeticorum</strong></span> <span class='ocrx_word' id='word_1_556' title='bbox 755 3054 825 3087; x_wconf 90' lang='lat' dir='ltr'><strong>aut</strong></span> <span class='ocrx_word' id='word_1_557' title='bbox 859 3053 1154 3099; x_wconf 89' lang='lat' dir='ltr'><strong>geometrarum</strong></span> <span class='ocrx_word' id='word_1_558' title='bbox 1192 3053 1232 3086; x_wconf 88' lang='lat' dir='ltr'><strong>et</strong></span> <span class='ocrx_word' id='word_1_559' title='bbox 1266 3046 1408 3097; x_wconf 89' lang='lat' dir='ltr'><strong>uulgus</strong></span> <span class='ocrx_word' id='word_1_560' title='bbox 1446 3046 1590 3085; x_wconf 89' lang='lat' dir='ltr'><strong>dextra</strong></span> <span class='ocrx_word' id='word_1_561' title='bbox 1625 3045 1811 3084; x_wconf 88' lang='lat' dir='ltr'><strong>utebatur</strong></span> <span class='ocrx_word' id='word_1_562' title='bbox 1846 3051 1888 3085; x_wconf 91' lang='lat' dir='ltr'><strong>et</strong></span> <span class='ocrx_word' id='word_1_563' title='bbox 1922 3046 2080 3085; x_wconf 90' lang='lat' dir='ltr'><strong>sinistra</strong></span> <span class='ocrx_word' id='word_1_564' title='bbox 2116 3046 2156 3085; x_wconf 93' lang='lat' dir='ltr'><strong>in</strong></span> <span class='ocrx_word' id='word_1_565' title='bbox 2184 3048 2464 3098; x_wconf 90' lang='lat' dir='ltr'><strong>computando</strong></span> 
     </span>
     <span class='ocr_line' id='line_1_45' title="bbox 263 3111 2462 3163; baseline 0 -13"><span class='ocrx_word' id='word_1_566' title='bbox 263 3113 372 3151; x_wconf 90' lang='lat' dir='ltr'><strong>nullo</strong></span> <span class='ocrx_word' id='word_1_567' title='bbox 400 3113 621 3151; x_wconf 90' lang='lat' dir='ltr'><strong>calulorum</strong></span> <span class='ocrx_word' id='word_1_568' title='bbox 651 3114 879 3152; x_wconf 89' lang='lat' dir='ltr'><strong>discrimine</strong></span> <span class='ocrx_word' id='word_1_569' title='bbox 907 3113 1024 3152; x_wconf 85' lang='lat' dir='ltr'><strong>sacto.</strong></span> <span class='ocrx_word' id='word_1_570' title='bbox 1079 3112 1202 3163; x_wconf 82' lang='lat' dir='ltr'><strong>Quod</strong></span> <span class='ocrx_word' id='word_1_571' title='bbox 1230 3118 1274 3150; x_wconf 92' lang='lat' dir='ltr'><strong>ut</strong></span> <span class='ocrx_word' id='word_1_572' title='bbox 1303 3112 1585 3157; x_wconf 87' lang='lat' dir='ltr'><strong>demonstrem,</strong></span> <span class='ocrx_word' id='word_1_573' title='bbox 1617 3111 1766 3149; x_wconf 76' lang='lat' dir='ltr'><strong>uasc1.1i</strong></span> <span class='ocrx_word' id='word_1_574' title='bbox 1795 3111 1995 3162; x_wconf 90' lang='lat' dir='ltr'><strong>picturam</strong></span> <span class='ocrx_word' id='word_1_575' title='bbox 2026 3111 2143 3150; x_wconf 91' lang='lat' dir='ltr'><strong>uobis</strong></span> <span class='ocrx_word' id='word_1_576' title='bbox 2170 3112 2337 3160; x_wconf 89' lang='lat' dir='ltr'><strong>subieci,</strong></span> <span class='ocrx_word' id='word_1_577' title='bbox 2368 3111 2462 3152; x_wconf 86' lang='lat' dir='ltr'><strong>sacti</strong></span> 
     </span>
     <span class='ocr_line' id='line_1_46' title="bbox 262 3174 2460 3229; baseline 0 -13"><span class='ocrx_word' id='word_1_578' title='bbox 262 3177 425 3217; x_wconf 92' lang='lat' dir='ltr'><strong>saeculo</strong></span> <span class='ocrx_word' id='word_1_579' title='bbox 461 3177 543 3217; x_wconf 86' lang='lat' dir='ltr'><strong>fere</strong></span> <span class='ocrx_word' id='word_1_580' title='bbox 577 3177 671 3217; x_wconf 91' lang='lat' dir='ltr'><strong>belli</strong></span> <span class='ocrx_word' id='word_1_581' title='bbox 708 3178 1034 3229; x_wconf 90' lang='lat' dir='ltr'><strong>Peloponnesiaci</strong></span> <span class='ocrx_word' id='word_1_582' title='bbox 1074 3178 1246 3217; x_wconf 89' lang='lat' dir='ltr'><strong>Athenis</strong></span> <span class='ocrx_word' id='word_1_583' title='bbox 1283 3183 1323 3215; x_wconf 92' lang='lat' dir='ltr'><strong>et</strong></span> <span class='ocrx_word' id='word_1_584' title='bbox 1359 3189 1383 3214; x_wconf 92' lang='lat' dir='ltr'><strong>a</strong></span> <span class='ocrx_word' id='word_1_585' title='bbox 1421 3181 1643 3214; x_wconf 90' lang='lat' dir='ltr'><strong>mercatore</strong></span> <span class='ocrx_word' id='word_1_586' title='bbox 1672 3175 1817 3215; x_wconf 91' lang='lat' dir='ltr'><strong>Attico</strong></span> <span class='ocrx_word' id='word_1_587' title='bbox 1854 3177 1907 3215; x_wconf 91' lang='lat' dir='ltr'><strong>ad</strong></span> <span class='ocrx_word' id='word_1_588' title='bbox 1937 3174 2123 3215; x_wconf 91' lang='lat' dir='ltr'><strong>Clusinos</strong></span> <span class='ocrx_word' id='word_1_589' title='bbox 2161 3176 2261 3216; x_wconf 87' lang='lat' dir='ltr'><strong>fines</strong></span> <span class='ocrx_word' id='word_1_590' title='bbox 2289 3178 2460 3217; x_wconf 90' lang='lat' dir='ltr'><strong>deuecti.</strong></span> 
     </span>
    </p>
   </div>
   <div class='ocr_carea' id='block_1_3' title="bbox 187 3240 2466 3294">
    <p class='ocr_par' dir='ltr' id='par_1_4' title="bbox 187 3240 2466 3294">
     <span class='ocr_line' id='line_1_47' title="bbox 187 3240 2466 3294; baseline 0.001 -13"><span class='ocrx_word' id='word_1_591' title='bbox 187 3256 194 3262; x_wconf 91' lang='lat'>·</span> <span class='ocrx_word' id='word_1_592' title='bbox 261 3241 434 3282; x_wconf 86' lang='lat' dir='ltr'><strong>Aestate</strong></span> <span class='ocrx_word' id='word_1_593' title='bbox 462 3243 553 3282; x_wconf 90' lang='lat' dir='ltr'><strong>anni</strong></span> <span class='ocrx_word' id='word_1_594' title='bbox 585 3242 690 3283; x_wconf 88' lang='grc'><strong>1885</strong></span> <span class='ocrx_word' id='word_1_595' title='bbox 718 3255 810 3283; x_wconf 90' lang='lat' dir='ltr'><strong>cum</strong></span> <span class='ocrx_word' id='word_1_596' title='bbox 840 3242 1068 3283; x_wconf 88' lang='lat' dir='ltr'><strong>Christiano</strong></span> <span class='ocrx_word' id='word_1_597' title='bbox 1096 3241 1301 3281; x_wconf 89' lang='lat' dir='ltr'><strong>Huelseno</strong></span> <span class='ocrx_word' id='word_1_598' title='bbox 1328 3253 1420 3280; x_wconf 88' lang='lat' dir='ltr'><strong>meo</strong></span> <span class='ocrx_word' id='word_1_599' title='bbox 1448 3240 1647 3280; x_wconf 89' lang='lat' dir='ltr'><strong>Porsenae</strong></span> <span class='ocrx_word' id='word_1_600' title='bbox 1675 3240 1817 3280; x_wconf 90' lang='lat' dir='ltr'><strong>urbem</strong></span> <span class='ocrx_word' id='word_1_601' title='bbox 1846 3241 1975 3281; x_wconf 92' lang='lat' dir='ltr'><strong>uisere</strong></span> <span class='ocrx_word' id='word_1_602' title='bbox 2004 3241 2132 3281; x_wconf 90' lang='lat' dir='ltr'><strong>licuit:</strong></span> <span class='ocrx_word' id='word_1_603' title='bbox 2173 3242 2321 3283; x_wconf 90' lang='lat' dir='ltr'><strong>obtulit</strong></span> <span class='ocrx_word' id='word_1_604' title='bbox 2358 3255 2466 3294; x_wconf 92' lang='lat' dir='ltr'><strong>copo</strong></span> 
     </span>
    </p>
   </div>
  </div>
 </body>
</html>
