2720 3743
2447 161 2475 200 5

279 291 507 333 etiamnunc
536 291 575 332 in
604 292 777 333 custode
806 291 875 332 illo
902 292 968 333 Ius
996 292 1213 335 centoculo
1242 292 1362 333 deum
1392 292 1492 332 caeli
1521 306 1752 344 supremum
1783 291 2041 342 agnoscimus
2068 287 2107 336 ὃς
2135 288 2242 330 πάντ’
2274 291 2391 343 ἐφορᾷ
2417 290 2478 331 καὶ

279 355 387 395 πάντ’
411 356 586 396 ἐπακούει
615 358 680 408 qui
701 359 907 409 quondam
927 357 1020 403 Ζεὺς
1039 356 1222 410 πανόπτης
1250 357 1459 396 audiebat:
1490 357 1618 396 forma
1648 369 1744 397 uero
1772 355 1914 395 eadem
1945 355 2040 408 fingi
2070 355 2227 395 solebat
2254 368 2334 408 qua
2361 356 2478 395 Ianus

278 422 439 468 bifrons,
471 423 592 461 ueluti
622 424 660 461 in
689 424 853 462 uasculo
881 427 920 463 in
948 426 1084 463 bullet.
1106 425 1274 474 Neapol.
1301 424 1485 462 1845111
1506 425 1586 461 tab.
1606 424 1664 460 IV
1684 424 1886 461 delineato
1914 428 1955 460 et
1984 423 2022 460 in
2051 423 2277 471 fragmento
2297 422 2475 471 Aegimii

277 487 316 526 in
350 487 474 527 schol.
504 487 641 539 Eurip.
672 488 820 528 Phoen.
855 489 957 528 1116
986 488 1146 539 Argum
1184 489 1290 527 Iouis
1327 488 1451 527 filium
1480 487 1641 540 τέτρασιν
1679 486 1922 539 ὀφθαλμοῖσιν
1950 486 2131 539 ὁρώμενον
2159 485 2249 525 ἔνθα
2287 484 2348 525 καὶ
2386 485 2475 526 ἔνθα

276 552 410 602 effingi
440 557 481 591 et
509 552 694 591 uidemus
722 558 762 592 et
791 553 985 592 audimus.
1027 552 1180 591 Heram
1199 551 1318 603 Argo
1347 565 1469 592 unum
1498 551 1659 591 oculum
1690 551 1728 591 in
1756 550 1947 603 occipitio
1975 551 2156 603 posuisse
2185 551 2308 590 tradit
2336 549 2476 591 Phere-

277 617 405 666 cydes
433 617 472 654 in
500 617 623 655 schol.
655 617 793 667 Eurip.
826 617 848 655 l.
879 629 932 655 s.:
971 630 1090 667 quem
1130 617 1291 656 oculum
1326 617 1410 655 Ioui
1450 617 1503 655 illi
1539 618 1648 667 apud
1688 617 1868 667 Argiuos
1904 617 1943 655 in
1972 616 2101 655 fronte
2140 616 2332 654 locarunt.
2392 615 2476 656 Sed

276 680 371 720 talia
398 681 611 720 simulacra
645 681 906 721 barbarorum
948 682 1072 721 modo
1108 681 1291 720 confecta
1326 682 1524 732 aspernati
1558 688 1649 720 sunt
1677 681 1822 721 Graeci
1851 682 1963 731 quasi
1992 681 2180 731 prodigia
2208 687 2250 720 et
2278 686 2474 731 portenta,

275 746 450 784 seruauit
486 751 609 785 tenax
647 747 855 785 uetustatis
895 746 1036 797 religio
1072 745 1212 796 populi
1247 745 1433 790 Romani,
1477 758 1721 795 quamquam
1764 751 1805 783 et
1846 746 1954 796 apud
1997 744 2121 783 Italos
2163 745 2296 783 Diana
2337 744 2474 782 Ianum

277 817 431 859 patrem
475 811 705 859 indigenam
747 813 819 849 sed
862 811 1098 860 prodigiosa
1141 811 1269 848 forma
1311 810 1537 858 praeditum
1581 812 1791 858 aspernata
1829 810 2062 859 Apollinem
2102 809 2304 847 Graecum
2348 810 2478 847 fratris

278 873 369 913 loco
396 872 545 913 habere
574 874 723 914 maluit.

470 938 596 977 Sicuti
626 940 734 990 apud
763 940 971 978 Romanos
1009 946 1049 978 et
1084 940 1203 977 Ianus
1239 945 1279 977 et
1308 938 1451 984 Diana,
1492 938 1547 975 ita
1583 938 1691 988 apud
1722 936 1899 976 Graecos
1939 950 2017 976 non
2053 938 2182 977 solum
2210 936 2373 982 Ἵῖκατος
2412 938 2476 977 illc

280 1003 377 1041 lucis
406 1003 505 1041 deus
534 1004 741 1043 colebatur
768 1006 835 1055 qui
864 1018 1120 1055 quocumque
1149 1004 1234 1042 uult
1263 1005 1397 1042 radios
1425 1017 1519 1041 suos
1548 1009 1660 1040 certo
1689 1016 1805 1040 cursu
1843 1003 2046 1040 emitteret
2080 1005 2151 1041 scd
2189 1005 2310 1041 etiam
2333 1003 2477 1055 Ἑκάτη

279 1066 434 1105 femina.
494 1067 536 1106 Si
566 1082 613 1106 ea
640 1082 744 1119 quae
773 1071 824 1108 de
852 1070 934 1108 Iani
964 1070 1093 1121 figura
1132 1070 1257 1108 modo
1295 1069 1465 1120 exposui
1504 1080 1626 1119 quam
1665 1067 1901 1118 simpliciter
1935 1068 2127 1118 explicari
2167 1069 2252 1107 dixi
2291 1075 2477 1119 oportere

279 1132 498 1183 repudiatis
526 1133 855 1185 philosophorum
886 1135 1104 1174 rationibus
1123 1134 1314 1186 captiosis
1332 1139 1519 1173 accurate
1539 1132 1866 1179 consideraueris,
1898 1132 1977 1172 iam
2007 1132 2215 1183 intellegoe
2244 1133 2281 1172 in
2302 1133 2479 1173 Hecates

278 1197 499 1235 simulacris
527 1197 642 1235 nobis
669 1199 815 1237 seruari
844 1199 1159 1250 antiquissimam
1189 1199 1360 1238 numinis
1389 1199 1492 1238 illius
1520 1197 1704 1248 figuram,
1735 1209 1816 1247 qua
1845 1196 1981 1236 omnia
2009 1196 2157 1247 ubique
2181 1210 2285 1248 quae
2314 1197 2411 1237 fiant
2438 1204 2478 1237 et

278 1266 448 1311 agantur
482 1274 506 1300 a
542 1261 700 1300 numine
736 1262 803 1300 illo
838 1262 921 1301 siue
957 1264 1035 1302 deo
1069 1263 1153 1302 siue
1190 1264 1267 1302 dea
1301 1264 1407 1302 cerni
1444 1276 1563 1313 posse
1598 1276 1672 1300 suo
1702 1261 1827 1299 modo
1854 1261 2148 1311 significabant.
2208 1263 2272 1301 De
2301 1262 2479 1301 Hecates

278 1332 419 1364 natura
448 1339 569 1377 quam
599 1328 711 1378 quasi
740 1327 905 1366 alteram
934 1327 1120 1367 Artemin
1149 1334 1218 1367 aut
1247 1328 1418 1368 Selenen
1453 1340 1540 1367 esse
1575 1332 1744 1377 apparet
1782 1327 1879 1365 satis
1915 1327 1969 1365 illi
2007 1327 2196 1366 dixerunt
2224 1327 2292 1378 qui
2321 1327 2477 1370 dehac

278 1393 355 1430 dea
383 1397 570 1442 egerunt:
615 1392 724 1431 iuuat
753 1399 887 1431 tamen
915 1393 1102 1439 conferre,
1142 1394 1350 1444 quomodo
1385 1399 1425 1431 et
1462 1392 1618 1431 Hecate
1648 1391 1808 1430 ianitrix
1844 1397 1885 1430 et
1924 1391 2042 1429 Ianus
2081 1391 2146 1431 ille
2184 1392 2329 1431 ianitor
2364 1393 2476 1442 quasi

275 1455 459 1496 Ἀπόλλων
490 1458 637 1509 θυραῖος
671 1457 748 1496 hoc
787 1457 875 1508 ipso
913 1446 1045 1496 officio
1078 1472 1191 1497 suam
1229 1472 1324 1508 prae
1359 1471 1402 1495 se
1437 1457 1563 1495 ferant
1598 1457 1854 1495 affinitatem:
1899 1456 2047 1495 etenim
2085 1465 2125 1495 et
2164 1458 2320 1495 Romae
2359 1458 2477 1495 Ianus

278 1522 416 1560 ianuas
444 1527 484 1561 et
513 1522 654 1561 limina
682 1522 873 1561 seruabat
898 1521 1031 1572 (Ouid.
1057 1522 1142 1562 fast.
1165 1522 1183 1561 I
1206 1522 1295 1571 173)
1324 1528 1364 1561 et
1392 1521 1566 1561 Athenis
1588 1520 1768 1560 Ἱῧκοίτεια
1797 1524 1989 1574 πανταχοῦ
2016 1521 2084 1574 πρὸ
2114 1524 2182 1559 τῶν
2212 1524 2328 1574 θυρῶν
2357 1522 2476 1561 collo-

278 1592 369 1625 cata
397 1592 510 1625 erant
538 1588 756 1626 secundum
777 1587 984 1637 Aristoph.
1001 1588 1124 1637 Vesp.
1147 1588 1225 1626 804
1253 1600 1326 1626 nec
1355 1600 1434 1625 non
1462 1588 1502 1625 in
1530 1588 1641 1625 aditu
1671 1587 1773 1624 arcis
1789 1585 1931 1635 Ἑκάτη
1959 1587 2025 1624 illa
2051 1585 2258 1637 προπυλαία
2278 1587 2472 1636 (Hesych.

277 1663 306 1689 s.
329 1663 364 1689 u.
387 1647 606 1703 προπυλαίοι)
637 1650 721 1689 siue
750 1648 985 1704 ἐπιπυργιὸἱα.
1028 1649 1168 1702 Qualis
1195 1651 1449 1690 simulacrum
1479 1650 1635 1689 illorum
1666 1649 1794 1689 forma
1823 1649 1939 1689 fuerit
1968 1664 2071 1702 quae
2095 1652 2147 1690 ad
2178 1651 2315 1690 ianuas
2342 1653 2475 1703 posita

278 1722 390 1755 crant
418 1717 633 1754 nescimus:
664 1715 947 1768 πολυπρόσωπος
975 1730 1069 1755 sane
1098 1717 1251 1755 Hecate
1281 1716 1346 1754 illa
1373 1716 1492 1754 fuisse
1520 1716 1698 1766 putanda
1737 1722 1797 1753 est
1825 1729 1928 1765 quae
1964 1716 2003 1753 in
2041 1717 2154 1754 aditu
2193 1718 2340 1755 domus
2378 1720 2472 1769 poni

277 1779 432 1819 solebat
474 1769 577 1819 sicut
614 1780 733 1819 Ianus
761 1781 962 1830 geminus:
1002 1794 1127 1831 neque
1156 1782 1231 1819 alia
1259 1781 1387 1830 figura
1415 1782 1534 1834 deam
1571 1781 1698 1818 induit
1727 1780 1973 1818 Alcamenes
2010 1782 2077 1829 qui
2114 1782 2267 1830 primus
2298 1782 2475 1820 Hecates

278 1844 435 1895 signum
466 1844 521 1883 ita
550 1844 712 1885 finxisse
741 1845 911 1885 traditur
939 1845 1081 1885 artifex
1111 1845 1231 1897 (apud
1251 1844 1364 1884 Paus.
1386 1843 1510 1892 1130,
1532 1844 1570 1893 2)
1599 1843 1736 1895 populi
1767 1843 2001 1894 religionem
2031 1851 2204 1892 secutuS,
2234 1858 2327 1886 cum
2353 1846 2475 1898 Myro

277 1908 412 1960 ὁμοίως
440 1909 479 1948 ἓν
507 1909 702 1961 πρόσωπόν
730 1926 769 1949 τε
797 1913 858 1949 καὶ
886 1910 926 1949 τὸ
966 1910 1088 1949 λοιπὸν
1125 1913 1227 1962 σῶμα
1263 1910 1437 1948 Hecates
1473 1910 1581 1960 apud
1612 1909 1834 1958 Aeginetas
1869 1909 2081 1956 effinxerit,
2118 1912 2203 1949 siue
2240 1913 2351 1962 quod
2389 1913 2475 1951 bar-

278 1975 416 2015 baram
446 1975 555 2015 illam
584 1982 624 2025 et
652 1982 927 2028 portentosam
956 1976 1125 2016 formam
1154 1977 1253 2016 deae
1281 1975 1442 2025 indigne
1471 1974 1623 2014 ferebat
1650 1974 1735 2013 siue
1763 1974 1874 2025 quod
1904 1974 2024 2013 deam
2054 1974 2163 2014 illam
2188 1975 2476 2030 πολυπρόσωπον

263 2040 510 2080 'Atticorum
549 2041 777 2092 Aeginetae
815 2055 894 2080 non
932 2042 1128 2081 colebant.
1194 2041 1349 2080 Sensim
1387 2041 1491 2078 enim
1531 2030 1687 2078 Hecate
1724 2046 1891 2090 propter
1927 2040 2023 2078 idoli
2059 2041 2288 2080 barbariem
2317 2043 2357 2080 in
2386 2056 2476 2081 con-

274 2111 474 2157 temptum
514 2106 701 2145 ueniebat
738 2107 921 2158 factaque
955 2113 1015 2145 est
1051 2108 1126 2145 dea
1161 2105 1479 2145 muliercularum
1517 2104 1757 2155 intimaeque
1792 2105 1922 2155 plebis
1959 2115 2089 2156 neque
2119 2106 2157 2145 in
2187 2107 2369 2146 ordinem
2400 2108 2477 2146 XII

275 2172 442 2209 deorum
481 2178 643 2221 recepta
679 2178 720 2209 et
756 2172 809 2209 ab
851 2172 1041 2221 Apolline
1077 2178 1220 2221 spreta,
1264 2171 1330 2220 qui
1368 2170 1555 2208 Artemin
1589 2169 1664 2206 sibi
1706 2170 1930 2215 sociauerit,
1976 2170 2080 2208 sicut
2118 2172 2227 2220 apud
2270 2173 2479 2211 Romanos

276 2235 408 2274 Diana
427 2235 525 2275 Iano
545 2235 779 2286 posthabito
798 2235 1043 2286 Apollinem.
1085 2235 1397 2274 Animaduertas
1417 2234 1587 2283 denique
1618 2233 1736 2272 uelim
1766 2234 1876 2283 quod
1905 2235 2015 2284 apud
2035 2234 2246 2274 Romanos
2266 2237 2478 2276 Macrobio

275 2305 439 2338 auctore
460 2300 529 2346 19,
548 2300 570 2339 7
601 2300 718 2338 Ianus
746 2300 811 2338 ille
840 2306 1031 2351 tanquam
1057 2298 1241 2339 Ἀπόλλων
1269 2297 1412 2351 οἱγυιεύς
1441 2311 1528 2337 cum
1557 2299 1665 2337 claui
1690 2304 1728 2336 ct
1753 2299 1877 2347 uirga
1893 2299 2127 2349 figuratur.
2159 2302 2279 2350 quasi
2303 2303 2477 2341 onmium

275 2370 313 2402 ct
330 2371 547 2412 portarum
576 2371 702 2402 custos
730 2372 768 2403 et
794 2372 922 2403 rector
950 2366 1110 2403 uiarum
1148 2370 1188 2401 et
1225 2364 1263 2401 in
1292 2363 1479 2412 compitis
1507 2363 1800 2400 collocabatur:
1841 2376 1971 2412 neque
2006 2364 2122 2401 aliter
2159 2368 2268 2414 apud
2299 2367 2478 2404 Graecos

276 2426 433 2467 Hecate
471 2426 537 2468 illa
573 2426 694 2468 ἐνοόία
732 2428 815 2468 sive
850 2428 1012 2479 Triuia3
1054 2440 1174 2480 quam
1212 2427 1320 2479 quod
1363 2426 1490 2466 tribus
1532 2426 1786 2478 potissimum
1825 2426 2005 2466 faciebus
2043 2428 2241 2480 insignem
2278 2429 2477 2470 finxerunt

275 2493 427 2543 antiqui
445 2492 484 2541 ¹),
522 2506 601 2531 non
645 2494 744 2532 tanti
787 2493 1013 2532 faciendum
1051 2505 1137 2531 esse
1179 2494 1284 2531 duco
1320 2493 1455 2542 quanti
1493 2493 1603 2541 quod
1640 2492 1806 2530 omnino
1843 2492 2036 2542 pluribus.
2096 2494 2302 2534 Videlicet
2342 2496 2478 2534 uidere

277 2563 447 2608 utroque
475 2571 612 2596 uersus
639 2564 680 2596 et
708 2564 869 2608 poterat
905 2564 946 2596 et
984 2558 1159 2596 debebat
1199 2558 1314 2596 Ianus
1351 2558 1468 2595 deus:
1514 2570 1637 2606 quare
1673 2554 1733 2608 ἐφ’
1768 2556 1931 2609 ἑκατέρῳ
1971 2558 2155 2611 προσώπῳ
2193 2561 2257 2598 dei
2297 2561 2479 2599 bifrontis

275 2622 380 2661 fores
408 2622 583 2661 aheneae
612 2622 720 2662 fuere
749 2622 931 2674 (Procop.
964 2623 1014 2662 de
1043 2622 1132 2661 bell.
1165 2621 1285 2661 Goth.
1317 2620 1333 2660 Ι
1362 2620 1427 2668 25)
1450 2621 1564 2668 duae,
1602 2626 1671 2659 aut
1700 2627 1892 2672 quattuor
1920 2622 2018 2662 Iano
2055 2624 2319 2674 quadrifronti
2349 2626 2474 2675 (Seru.

276 2688 329 2726 ad
349 2687 453 2726 Aen.
473 2687 545 2726 V11
566 2688 678 2736 607):
709 2701 813 2737 quae
842 2689 935 2726 ideo
963 2688 1056 2726 belli
1077 2693 1257 2737 tempore
1277 2686 1480 2736 patebant,
1511 2693 1554 2723 ut
1580 2687 1755 2724 ciusdem
1784 2695 2009 2737 conspectus
2029 2696 2111 2738 per
2139 2690 2284 2728 bellum
2304 2698 2473 2740 pateret.

276 2753 391 2792 sicuti
422 2752 585 2793 Seruius
613 2753 665 2792 ad
695 2752 797 2792 Aen.
829 2753 848 2793 1
876 2751 955 2793 294
984 2758 1090 2792 recte
1118 2751 1298 2791 coniecit.

470 2817 611 2869 Itaque
639 2816 712 2856 fuit
740 2823 901 2870 tempus
928 2830 1019 2856 cum
1057 2823 1097 2856 et
1126 2816 1372 2855 Graecorum
1411 2822 1451 2854 et
1487 2815 1678 2855 Italorum
1715 2817 1855 2869 populi
1893 2818 2159 2859 barbarorum
2196 2820 2270 2860 ritu
2309 2821 2475 2861 deorum

277 2883 426 2931 figuras
455 2890 495 2921 et
522 2884 710 2932 bicipites
738 2890 779 2921 et
807 2884 1001 2932 tricipites
1028 2889 1068 2920 et
1096 2882 1388 2931 quadrifrontes
1416 2881 1636 2930 fingebant,
1667 2896 1749 2931 quo
1778 2884 1951 2920 numinis
1990 2885 2098 2921 illam
2128 2886 2305 2922 diuinam
2335 2893 2478 2923 cuncta

277 2946 438 2987 uidendi
468 2947 691 2999 potentiam
721 2960 794 2987 suo
822 2947 946 2988 modo
973 2945 1261 2998 significarent:
1299 2952 1441 2997 postea
1477 2959 1573 2986 uero
1602 2953 1790 2998 portenta
1820 2947 1887 2987 illa
1915 2963 1997 2999 quo
2025 2949 2234 2989 similiores
2271 2950 2476 2989 hominum

472 3054 496 3097 ¹)
520 3057 695 3087 Laborasse
718 3057 853 3087 multum
876 3056 1009 3087 artifices
1038 3057 1070 3086 in
1100 3056 1177 3085 (leae
1208 3055 1351 3095 tricipitis
1380 3056 1555 3086 simulacris
1586 3056 1747 3095 fingendis
1777 3068 1814 3087 ex
1844 3059 1890 3088 eis
1913 3069 1995 3097 quae
2018 3059 2202 3089 etiamnunc
2225 3065 2346 3089 exstant
2371 3059 2478 3096 rigari>

277 3115 410 3150 apparet
433 3110 533 3141 ueluti
555 3120 593 3140 ex
614 3110 800 3150 anaglypho
823 3110 879 3140 illo
909 3120 980 3139 arae
1010 3110 1163 3139 maximae
1195 3109 1479 3147 Pergamenorum:
1509 3110 1674 3150 bicipitem
1704 3111 1793 3141 illam
1820 3112 1913 3141 deam
1936 3122 2018 3152 quae
2042 3113 2074 3141 iu
2099 3113 2317 3151 Rheginorum
2342 3114 2478 3143 nummis

277 3165 472 3203 conspicitur
494 3166 638 3195 Hecaten
662 3175 729 3194 esse
752 3166 825 3194 inde
848 3165 984 3194 conieiat
1007 3164 1132 3203 aliquis,
1158 3164 1245 3203 quod
1266 3170 1297 3193 et
1320 3165 1445 3194 modius
1467 3166 1626 3205 capitibus
1658 3166 1825 3206 impositus
1855 3172 1886 3196 et
1916 3167 2024 3205 capilli
2055 3168 2159 3196 cultus
2187 3168 2266 3197 deae
2298 3168 2383 3196 illius
2406 3178 2475 3206 pro-

278 3218 364 3259 prius
385 3227 451 3251 esse
475 3218 611 3250 uidetur.
