2720 3743
259 222 311 262 14

256 353 425 403 quidam
465 355 615 393 uasculi
656 355 819 394 frustula
858 357 1001 394 misere
1039 356 1173 394 fracta.
1234 356 1453 406 Composui
1493 356 1726 406 fragmenta,
1772 358 1997 406 composita
2040 347 2278 395 delineanda
2320 355 2455 412 curaui

258 417 543 457 adiuuantibus
581 419 755 469 benigne
791 420 1070 459 Maximiliano
1109 420 1347 459 Fraenkelio
1386 421 1567 459 Gustauo
1602 421 1783 467 Koertio,
1822 422 1888 471 qui
1925 434 2004 470 qua
2040 426 2100 459 cst
2135 420 2381 459 humanitate
2415 424 2458 457 et

259 482 420 520 auxiliis
458 489 500 521 et
537 483 711 521 consiliis
749 484 830 521 suis
868 497 932 523 me
969 498 1021 523 ex
1051 499 1132 535 quo
1171 485 1272 523 hanc
1313 486 1450 523 urbem
1491 486 1630 523 intraui
1668 490 1903 535 prosecutus
1931 491 1991 523 cst
2028 484 2308 523 saluberrimis.
2381 482 2456 521 Est

257 553 408 596 patera,
439 547 520 585 alta
549 560 625 585 cm.
658 549 693 592 7,
724 549 943 587 diametros
972 562 1048 587 cm.
1088 551 1144 594 19,
1183 550 1303 587 rubro
1341 550 1474 587 colore
1503 551 1628 599 picta:
1669 550 1794 587 lineae
1833 550 1948 598 nigro
1977 549 2112 586 colore
2147 560 2226 586 non
2255 546 2453 598 penicillo,

257 611 328 649 sed
359 610 518 649 calamo
546 611 641 649 fisso
670 612 816 650 ductae
844 618 934 650 sunt
963 619 1189 651 atramento
1226 614 1349 652 modo
1385 613 1641 653 delitescente
1677 614 1732 652 ita
1769 619 1811 652 ut
1850 614 1953 651 duae
1989 611 2156 651 lineolae
2194 616 2454 662 compareant

259 676 384 714 modo
412 676 654 721 abundante,
694 683 852 726 praeter
888 690 1078 715 coronam
1118 679 1239 727 capiti
1278 679 1504 727 appictam:
1546 679 1758 717 delineatio
1796 679 1952 728 pictura
1989 678 2074 727 ipsa
2112 676 2238 715 tribus
2275 675 2455 726 partibus

259 740 388 778 minor
416 746 486 779 est.
547 739 673 779 Sedet
702 741 762 779 uir
790 740 982 780 barbatus
1012 742 1050 780 in
1080 741 1257 781 scabello
1295 743 1356 780 cui
1396 743 1583 793 puluillus
1620 743 1829 794 impositus
1868 748 1938 789 est,
1979 746 2142 793 pectore
2181 739 2301 786 nudo,
2341 744 2454 790 parte

257 806 438 855 corporis
476 805 658 844 inferiore
694 806 818 856 pallio
854 806 1043 852 inuoluta,
1081 813 1315 845 coronatus:
1360 808 1517 847 sinistra
1560 822 1678 847 uuam
1714 813 1822 846 tcnct
1866 807 1999 857 magni
2043 805 2242 857 ponderiS,
2287 804 2454 842 dextrae

256 870 462 919 paululum
506 870 687 908 sublatae
730 871 882 920 digitos
924 873 1103 911 studiose
1146 873 1449 922 contemplatur.
1523 873 1674 912 Adstat
1716 873 1852 910 fiscina
1894 877 2049 917 ansata,
2101 870 2187 908 uuis
2237 868 2451 919 completa,

255 947 423 983 quarum
463 940 542 971 tres
577 941 785 984 apparent,
824 935 999 985 reliquae
1038 937 1160 974 latent
1199 937 1469 976 absconditae.
1527 937 1640 975 Vuas
1670 938 1795 975 inesse
1825 950 1889 974 me
1918 936 2055 974 docuit
2094 934 2310 984 Adolphus
2340 933 2453 971 Furt-

254 997 471 1048 wacngler:
503 999 600 1049 quid
623 988 770 1037 dextra
799 999 945 1038 faceret
967 1000 1141 1038 intellexi
1164 1013 1254 1038 cum
1277 1002 1414 1051 digitis
1444 1002 1544 1039 illius
1574 1002 1854 1052 computantis,
1886 1014 2004 1051 quem
2036 999 2263 1038 Eubuliden
2291 998 2453 1037 finxisse

255 1063 403 1101 Plinius
431 1070 573 1102 auctor
602 1070 662 1102 est
690 1064 871 1102 XXXIV
893 1064 945 1102 83
976 1065 1013 1102 in
1044 1071 1217 1103 mentem
1241 1066 1401 1103 ueniret.
1449 1065 1531 1103 Iam
1554 1067 1698 1112 uidete,
1730 1066 1938 1116 quomodo
1967 1065 2093 1103 oculis
2122 1064 2280 1103 intentis
2308 1063 2451 1113 ecquid

254 1134 391 1177 pateat
429 1128 559 1166 lucelli
591 1128 774 1166 Dextera
812 1129 950 1177 degens
989 1130 1180 1167 ramnum
1219 1131 1426 1178 (Amputat.
1469 1138 1511 1167 ut
1551 1131 1675 1168 l'lauti
1721 1143 1835 1168 uersu
1875 1136 1962 1168 utar
2001 1129 2082 1167 Mil.
2116 1128 2215 1178 glor.
2247 1128 2282 1165 II
2321 1129 2358 1173 2,
2388 1127 2452 1172 49,

254 1193 504 1243 semiapertis
534 1192 648 1231 labiis
679 1206 927 1231 murmurans
956 1206 1047 1231 cum
1079 1206 1264 1231 numeros
1295 1200 1378 1232 tum
1410 1194 1504 1232 illud
1536 1191 1566 1231 ὦ
1590 1193 1664 1233 7,Ξῦ
1693 1194 1805 1246 πάτερ
1837 1191 1921 1233 αἴθε
1950 1192 2118 1237 πλούσιος
2147 1190 2326 1244 γενοίμαν.

453 1258 565 1296 Haec
595 1258 715 1296 habui
745 1272 848 1307 quae
878 1259 992 1295 uobis
1020 1271 1299 1307 proponerem,
1332 1259 1638 1304 commilitones,
1679 1260 1730 1297 ad
1761 1260 2015 1297 edocendum
2046 1271 2199 1307 parum,
2238 1258 2289 1295 ad
2320 1257 2454 1305 impel-

253 1320 415 1359 lendum
460 1321 602 1372 opinor
644 1321 749 1359 satis.
823 1322 909 1359 Vos
962 1322 1116 1359 interim
1173 1329 1347 1360 recreate
1399 1335 1568 1372 corpora
1621 1323 1855 1373 animosque
1907 1328 2061 1360 uestros
2104 1320 2208 1359 feriis
2251 1321 2308 1359 eis
2349 1333 2452 1371 quae

252 1385 417 1423 instant:
457 1386 602 1436 quibus
639 1387 811 1437 peractis
849 1388 899 1424 ad
937 1400 983 1424 ea
1022 1399 1123 1437 quae
1163 1387 1277 1424 uobis
1316 1388 1598 1436 proposuimus
1636 1388 1767 1425 studia
1808 1387 2026 1425 litterarum
2066 1390 2107 1423 et
2144 1386 2289 1424 artium
2319 1385 2452 1424 denuo

250 1451 516 1500 accingimini.
577 1451 732 1489 Valete.

786 1515 1022 1558 Scribebam
1053 1516 1142 1558 Kal.
1176 1516 1282 1554 Iuliis
1312 1517 1401 1557 anni
1434 1516 1902 1556 MDCCCLXXXVIII.
